2048 3288
123 177 159 230 36
362 187 520 230 nonrusou
541 185 717 229 consonus.

121 279 270 339 hesternis
283 278 382 354 epulis
399 277 514 353 reliqua
531 289 604 346 erat,
619 273 759 336 comedit.
781 277 851 348 Quo
865 277 961 347 facto,

121 381 193 420 cum
207 361 296 418 aliam
312 359 417 416 Lamae
434 368 549 432 partem
562 375 635 414 veru
646 359 769 434 affigere
780 360 879 427 vellet,
890 377 960 416 car·

120 461 190 522 nun
200 440 263 519 jam
276 445 461 514 putrescere,
472 437 728 512 propternimium
739 439 960 507 calorem,sen·

121 521 167 580 sit.
211 520 385 578 Carendum
408 518 502 594 igitur
524 515 609 575 hodie
625 516 681 576 fuit
695 520 848 594 voluptate
863 537 959 596 quam

120 619 160 659 ex
176 601 292 658 edenda
306 617 395 656 carne
408 598 604 674 percepisset.

161 681 280 738 Deinde
296 680 430 738 humeris
445 683 517 754 perd
533 676 681 736 venatorii
695 678 810 745 cinctis,
823 679 858 736 ad
871 678 959 738 littus

120 780 153 820 se
169 761 305 830 eontulit,
318 771 433 817 ostreas
448 760 644 817 collecturus.
677 756 809 818 Ibiverd
832 777 887 834 pro
909 777 958 815 os·
1014 783 1015 790 ¹

119 841 207 910 treis,
217 858 346 917 quarum
361 839 438 896 mira
460 839 595 912 paucitas
620 847 693 906 erat,
717 839 797 896 aiiud
821 838 958 898 alimenti

120 940 218 998 genus
234 925 396 976 Rodinrom'
410 918 535 994 contigit
548 918 689 988 invenire,
697 921 786 1000 {ruod
801 911 883 976 certe
899 919 968 978 uti·-

119 1001 233 1059 litatate
254 1015 369 1058 ostreas
392 999 535 1068 vincerem
558 998 667 1058 animal
688 1000 737 1058 cui
758 1010 874 1057 tectum
889 999 958 1074 ipsa

120 1081 290 1156 composuit
304 1091 420 1147 natura,
434 1081 514 1156 quod
530 1098 634 1138 secum
650 1076 846 1156 qudcumque
861 1079 957 1136 libue-

121 1162 158 1220 rit
186 1173 293 1239 gestat,
320 1161 502 1222 testudinem
526 1157 681 1227 nimirum,
705 1163 843 1235 tentique
871 1159 957 1216 illam

118 1242 324 1318 magnitudine
339 1243 450 1316 quantit
463 1239 491 1296 in
507 1239 553 1296 his
566 1239 740 1315 regionibus
753 1237 819 1296 rard
843 1239 958 1314 reperi·

120 1333 183 1390 uut;
208 1320 321 1397 quippe
345 1321 491 1378 librarum
516 1317 579 1376 ferd
601 1319 816 1404 quinquaginta
838 1321 957 1396 pondus

121 1404 268 1478 aequabttt.
929 1427 938 1466 r

160 1482 248 1556 Saepe
266 1483 419 1536 Robinson
435 1478 570 1538 audierat
585 1497 705 1538 carnem
725 1478 884 1538 testudinis
905 1479 955 1559 ju·

120 1563 249 1620 cundem
264 1577 332 1618 esse
346 1562 546 1636 eamdemque
562 1561 724 1618 salubrem.
747 1559 885 1625 Praedam
899 1562 955 1640 igi·

119 1655 170 1700 tur
188 1640 324 1700 humeris
349 1639 523 1714 impositam
548 1643 701 1696 Robinson
727 1638 805 1697 len'tc'
829 1643 955 1701 domum

120 1723 267 1796 deportat.
290 1719 374 1777 Tum
386 1721 486 1777 securi
502 1723 556 1778 sua
570 1720 740 1778 inferiorem
758 1734 874 1795 partem
885 1740 956 1780 con·

120 1803 186 1860 chae
209 1799 340 1876 percutit
363 1800 491 1874 repetito
512 1801 585 1867 ictu,
598 1803 696 1856 donec
710 1798 911 1876 frangeretur;
927 1815 957 1861 et
1006 1805 1008 1808 ’

120 1882 165 1940 sic
180 1880 330 1940 testudine
345 1880 468 1956 potitus,
480 1881 612 1956 opimam
627 1879 696 1958 ejus
717 1889 833 1953 partem
855 1901 957 1942 assan-

120 1963 190 2020 dam
201 1961 340 2020 resecuit.
362 1959 462 2031 Quam
478 1957 548 2018 crim
566 1977 639 2017 veru
655 1960 808 2030 affixisset,
823 1975 855 2019 ut
870 1981 956 2040 mag·

119 2059 190 2100 nam
203 2040 315 2099 famem
330 2039 488 2097 laborando
502 2051 701 2110 contraxerat,
716 2041 765 2098 vix
790 2055 955 2118 expectare

121 2121 219 2199 potuit
234 2122 327 2179 donec
342 2130 423 2177 esset
438 2119 493 2177 rite
508 2133 603 2178 cocta.

163 2201 286 2259 Interim
301 2203 373 2258 dum
389 2201 473 2256 sedet
487 2219 584 2258 assam
600 2219 732 2267 versans,
746 2219 850 2260 secum
866 2221 958 2278 repu-

121 2292 163 2340 tat
179 2282 250 2358 quid
265 2283 302 2338 de
317 2281 432 2356 reliqui
447 2281 596 2339 testudine
612 2283 649 2338 sit
661 2281 839 2348 iaciendum,
850 2301 888 2340 ne
902 2303 957 2358 pu·

121 2361 236 2420 tredine
248 2370 502 2432 corrumperetur.
526 2363 574 2418 Ad
587 2362 668 2418 iliam
684 2361 762 2418 enim
777 2364 875 2420 murid
886 2383 957 2424 con-

120 2443 259 2500 diendum
275 2453 305 2498 et
320 2440 419 2516 patin&
432 2452 462 2498 et
482 2442 543 2498 sale
567 2445 695 2500 carebat.
737 2441 901 2514 Quomodo
911 2459 913 2465 ’
924 2463 957 2502 se

120 2521 189 2580 inde
205 2519 359 2596 expediat?
557 2570 560 2578 ,
578 2525 582 2536 ’

161 2603 253 2677 AEgre
264 2601 344 2658 enim
356 2599 493 2675 praevidit
504 2601 753 2678 egregiamiilam
762 2603 958 2675 testudinem,

120 2698 189 2757 quae
206 2679 261 2737 eibi
275 2683 323 2738 vel
336 2693 404 2738 octo
416 2693 445 2738 et
459 2681 589 2756 amptius
604 2683 722 2744 dierum
740 2681 853 2741 victum
877 2704 958 2759 prae-

120 2759 246 2828 buisset‚
269 2763 388 2834 postero
410 2760 459 2818 die
481 2761 631 2835 putridam
653 2760 726 2830 iore3
742 2781 840 2838 neque
855 2779 958 2824 tamen
999 2799 1000 2802 ¹

120 2840 255 2898 animum
270 2840 358 2898 subiit
372 2844 432 2916 qud
446 2841 558 2899 ratione
572 2841 654 2900 illam
670 2841 812 2902 condiret.
842 2843 890 2901 Ac
905 2863 958 2905 su·
1015 2884 1016 2887 =

120 2918 182 2978 bito
196 2923 261 2978 haec
277 2919 305 2978 ei
324 2921 465 2995 cogitatio
486 2921 515 2978 io
529 2935 662 2979 mentem
679 2923 766 2980 venit.
809 2923 956 2999 Superior

121 3001 280 3062 testudinis
294 3013 394 3060 crusta
407 3012 532 3062 mactrae
546 3001 776 3062 similitudinem
797 3005 958 3080 aptissime
