2068 3278
117 195 155 250 84
353 199 515 242 uotttnsott
534 198 709 242 OEUSOEUS·

116 315 148 354 ra
163 293 252 372 probe
268 294 355 360 lavat,
376 290 629 368 manipulumque,
641 291 716 350 Zeae
734 291 852 360 duobus
865 293 949 352 saxis

115 375 253 436 adhibitis
262 373 358 440 molit;
380 375 446 430 haec
457 371 556 428 omnia
566 373 635 429 ollae
650 371 822 438 committit,
835 374 865 429 in
880 377 950 448 quit,

116 459 215 515 addito
230 455 302 521 sale,
316 453 453 510 idoneam
467 469 554 528 aquae
564 463 680 528 partem
694 451 832 523 infundit,
845 471 882 510 ac
897 457 949 511 de.
1024 437 1025 464 ³

116 535 200 596 turim
215 537 273 592 olla
288 533 351 610 igni
361 533 529 606 apponitur.

156 618 267 686 Iriday
289 615 380 671 istum
403 631 523 669 omnem
538 623 715 688 apparatum
730 613 880 680 cernebat,
892 628 949 672 nee

116 696 300 772 intelligebat
322 690 382 769 qud
405 710 454 749 res
476 705 633 768 spectaret.
675 695 809 751 Noverat
824 695 948 768 quidem

118 795 208 836 usum
223 776 349 841 assandi,
365 775 418 830 sed
433 772 586 850 nunquam
600 775 638 830 de
653 783 716 830 arte
731 775 880 848 coquendi
896 791 948 831 au-

117 858 239 916 diverat.
281 853 465 926 Quinetiam
481 853 637 930 ignorabat
651 869 789 929 quaenam
800 863 880 910 esset
905 854 950 911 vis

117 938 196 1013 ignis
217 936 246 992 in
269 947 377 1012 aqrram
400 934 469 991 ollae
492 936 630 990 inlusam.
671 933 876 1008 Quaequidem
890 935 949 990 fer-

118 1035 188 1074 vere
199 1031 302 1090 coeptt,
317 1011 387 1081 etim
402 1016 550 1069 Robinaon
562 1011 718 1088 paulultlm
730 1014 759 1069 in
771 1015 949 1086 speluncam

117 1097 302 1154 secessisset.
339 1097 450 1166 Friday
464 1095 629 1170 obstupuit,
644 1094 772 1151 miratus
783 1094 854 1169 quid
867 1107 950 1152 esset

117 1178 197 1254 quod
211 1177 255 1232 sic
270 1193 378 1251 aquarn
395 1186 538 1232 moveret.

157 1257 237 1314 Crlm
260 1251 330 1311 ver-d
347 1272 413 1311 eam
430 1253 503 1311 vidit
518 1265 736 1314 exaestuantem
751 1264 781 1310 et
796 1251 950 1328 undequal-
1024 1279 1025 1304 t

117 1355 177 1414 que
194 1333 406 1401 exundantem,
418 1336 508 1392 stulte
526 1335 639 1409 putavit
653 1334 761 1396 animal
773 1333 801 1390 in
811 1335 872 1390 olla
882 1351 949 1390 esse

117 1418 197 1495 quod
211 1416 304 1474 istum
316 1416 353 1470 de
375 1427 498 1490 repente
515 1427 623 1473 aestum
640 1413 796 1472 excitaret.
838 1412 882 1468 Ut
897 1433 950 1472 au·

117 1511 180 1556 tent
195 1495 358 1571 impediret
371 1513 407 1551 ne
416 1495 513 1552 omnis
526 1497 562 1552 ab
575 1497 636 1554 olla
646 1494 723 1570 aqua
734 1493 951 1562 effunderetur,

115 1595 240 1648 manum
263 1576 401 1632 celeriter
422 1576 571 1634 immersit
587 1587 619 1634 ut
636 1575 744 1632 animal
758 1575 884 1631 noxium
902 1591 950 1632 ca·

117 1668 211 1732 peret.
253 1655 336 1712 Tum
358 1653 430 1712 rerd
446 1657 610 1714 clamorem
632 1669 661 1712 ct
685 1655 834 1712 ululatum
856 1654 951 1710 edidit

117 1755 178 1813 quo
192 1745 252 1794 tota
266 1735 419 1810 personuit
434 1737 586 1808 spelunca.
630 1735 698 1794 Hoc
714 1733 816 1792 audito
840 1735 951 1788 Robin-

117 1836 173 1884 son
186 1819 272 1874 valde
286 1815 451 1872 exterritus
465 1827 521 1882 est,
535 1813 738 1872 existimansai
753 1815 885 1872 barbaris
901 1831 952 1870 su·

117 1895 360 1974 pervenientibus
374 1897 490 1952 socium
512 1895 652 1970 opprimi.
695 1895 801 1969 ltaque
814 1894 907 1951 timor
920 1901 951 1950 et

117 1976 224 2036 insitus
246 1975 275 2033 in
297 1976 402 2032 animis
424 1975 553 2050 propriae
569 1976 673 2040 salutis
687 1993 772 2032 amor
787 1975 951 2032 suadebant

84 2062 88 2068 '
118 2069 151 2116 ut
165 2075 220 2130 per
233 2058 462 2122 subterraneum
479 2057 654 2112 cuniculum
673 2055 834 2131 effugeret.
870 2053 951 2110 Mox

117 2149 220 2195 autem
231 2135 388 2193 consilium
404 2134 523 2213 abjecit,
537 2146 625 2210 turpe
638 2147 719 2194 ratus
729 2134 883 2193 subditum
897 2145 950 2190 aut

117 2213 217 2294 potitis
231 2215 363 2274 amicum
373 2215 402 2272 in
417 2215 538 2291 ancipiti
553 2216 689 2290 periculo
699 2217 850 2274 deserere.
873 2213 952 2270 »Sine

117 2299 203 2356 mora
216 2296 309 2372 igitur
329 2298 347 2352 d
371 2298 515 2370 spelunca
529 2297 666 2371 prorupit
679 2294 771 2352 armis
784 2295 953 2352 instructus

117 2389 299 2453 paratusque
315 2375 405 2432 vitam
422 2375 486 2450 ipse
501 2393 585 2434 suam
602 2374 794 2450 profundere,
808 2387 841 2433 ut
853 2374 952 2432 comi·

116 2471 177 2515 tern
193 2461 210 2514 e
224 2455 360 2514 manibus
371 2458 565 2513 barbarorum
575 2457 684 2512 iterum
697 2456 838 2534 eriperet.
861 2483 863 2488 ·

157 2535 202 2592 Ut
216 2533 288 2594 rard
302 2535 468 2611 obstupuit,
480 2553 551 2595 cum
566 2535 717 2592 hominem
729 2537 838 2600 solum,
849 2551 955 2594 amen·

117 2616 155 2673 tis
168 2616 269 2683 instar,
284 2617 449 2673 ululantem
462 2629 612 2692 gestuque
626 2615 746 2674 insolito
760 2613 877 2672 cneum
892 2627 955 2672 trc-

118 2696 268 2770 pidantettt
279 2693 361 2750 vidit!
387 2695 448 2752 Diu
458 2713 579 2772 quoque
592 2697 745 2752 Robinson
755 2696 866 2753 dubius
877 2713 954 2754 anx·

116 2775 226 2856 iusque
253 2772 350 2831 ltaesit.
393 2774 438 2830 Re
460 2777 585 2832 demum
614 2777 781 2850 explanata.
801 2776 955 2834 intellexit

116 2872 205 2912 omne
219 2854 333 2910 malurn
350 2870 390 2908 ex
405 2870 440 2908 eo
455 2871 521 2910 esse
537 2851 618 2930 qudd
634 2874 755 2912 manum
770 2855 826 2912 sibi
837 2857 954 2927 Fraday

9 2935 11 2942 ’
89 2973 91 2976 -
116 2933 225 2992 leviter
248 2931 367 2989 usserit.
410 2931 576 3008 Nunquam
596 2933 649 2992 ille
669 2953 768 3011 neque
792 2935 955 3005 audiendo,

116 3028 216 3088 neque
231 3010 416 3088 experiendo
428 3026 610 3088 cognoverat
624 3031 711 3091 aquae
733 3013 886 3076 terrorem
901 3016 954 3074 ad·

1024 1695 1025 1710 ,

1024 1761 1025 1776 ,

1023 1781 1025 1868 l
