2068 3278
348 219 502 278 nostrser
516 231 688 276 onerosus.
855 243 858 248 ·
893 219 931 274 ts

3 355 4 374 1
98 325 197 386 nitum
207 327 282 386 intra
292 327 427 405 obsequii
435 340 466 386 et
478 325 675 386 venerationis
686 323 761 384 fines
773 325 934 400 continere,

3 431 4 436 ¹
101 408 246 466 honorem
269 425 307 466 ue
330 409 367 466 ab
381 427 417 466 eo
439 409 522 466 velut
545 407 600 466 sibi
624 408 760 466 debitum
786 410 935 482 accipere,

99 427 273 580 aliquandii
287 489 370 568 regis
384 505 543 566 personam
556 505 630 565 erga
652 487 804 546 hominem
826 503 934 564 gerere

101 579 262 626 eensntmt.

191 883 340 948 curor
361 885 577 949 Daemon
600 853 849 952 summum,

103 1049 196 1122 Origo
220 1055 306 1122 regrae
326 1049 690 1119 potestatis—Robinson
714 1053 849 1109 abundat
873 1059 934 1123 opi·
980 1015 1003 1086 ,¹
1029 1103 1030 1116 ,

139 1131 348 1205 iura-Habet
359 1131 651 1207 saturon-triday
661 1149 739 1187 nevo
752 1135 935 1206 vivendige·
1029 1187 1030 1194 ,

130 1227 210 1266 nere
223 1211 397 1268 delectatur.

140 1371 263 1438 Irieus
281 1371 430 1428 Robinson
445 1371 540 1449 signis
561 1385 713 1450 gestuque
729 1370 811 1430 socio
826 1371 933 1434 intelli·

101 1451 235 1528 gendum
258 1450 349 1518 dedit,
365 1469 397 1508 se
411 1453 499 1510 ilium
522 1453 644 1529 quidem
662 1453 691 1510 in
707 1453 831 1508 tutelam
847 1471 934 1511 suam

99 1532 262 1606 recepisse,
284 1532 320 1590 ea
332 1541 433 1588 tamen
447 1533 517 1608 lege
532 1545 564 1590 ut
587 1541 738 1590 summam
753 1531 811 1605 ipsi
833 1533 936 1590 obedi·

100 1610 209 1668 entiam
225 1621 393 1684 praestaret,
414 1623 505 1688 atque
527 1614 666 1670 omnibus
687 1607 792 1668 seduli
815 1621 935 1670 vacaret

3 1709 4 1716 ¹
99 1708 303 1768 quaecumque
318 1690 457 1750 dominus
468 1707 497 1750 et
511 1699 566 1750 rex
578 1710 674 1751 novus
685 1691 837 1771 jussisset.
862 1689 934 1750 ideo

103 1772 237 1828 Curicum
254 1787 287 1826 se
310 1770 375 1846 ipse
396 1774 567 1847 appellarit,
589 1775 730 1850 quoniam
746 1791 793 1828 eo
813 1774 934 1830 nomine

95 1841 293 1908 barbarorum
309 1851 337 1908 in
360 1853 506 1912 Americt
520 1855 672 1931 principes
695 1851 812 1909 abistis
834 1853 935 1910 vocari

99 1930 286 1988 meminerat.
329 1930 399 2004 Qui
415 1951 487 1990 voce
509 1931 619 1992 meiius
632 1931 725 2009 quem
741 1931 834 2008 signis
852 1933 935 1990 adhi-

54 2029 57 2033 ·
98 2010 168 2068 bitis
183 2013 296 2082 Friday
309 2010 339 2068 id
351 2011 498 2071 intellexit
510 2017 589 2090 quod
602 2031 675 2072 suus
689 2013 717 2070 ei
728 2011 868 2070 dominus
883 2013 935 2070 de·

14 2103 16 2108 ’
98 2092 239 2159 clarabau
253 2103 283 2148 et
298 2101 331 2149 ut
348 2105 463 2167 pareret
474 2111 507 2150 se
519 2096 640 2152 domino
653 2094 682 2152 in
695 2093 872 2150 servitutem
888 2112 935 2150 se·

97 2170 264 2245 metipsum
288 2171 397 2236 dicare,
414 2175 525 2232 iterum
542 2175 714 2250 iterumque
729 2190 837 2230 nomen
859 2174 933 2231 iliud

3 2307 5 2322 ,
98 2252 181 2310 clari
208 2269 282 2310 roce
309 2255 517 2328 pronuntiarit,
547 2256 742 2310 Robinsonem
768 2271 859 2310 manu
883 2253 935 2309 de·

98 2344 278 2398 monstrans,
293 2333 481 2410 pedibusque
497 2334 565 2412 ejus
581 2336 740 2392 advolutus
754 2345 808 2390 est.
850 2332 933 2411 Quin

97 2422 132 2470 ut
146 2409 329 2486 significaret
344 2431 376 2470 se
391 2415 462 2471 satis
477 2413 647 2491 intelligere
668 2425 777 2490 quanta
792 2426 871 2470 esset
890 2413 934 2472 vis

3 2496 21 2558 s
97 2492 192 2566 regiae
219 2497 384 2568 potestatis,
407 2497 521 2552 hastam
544 2507 693 2570 arreptam
720 2493 840 2552 domino
865 2513 934 2570 por·

3 2587 4 2590 ’
96 2569 188 2641 rexit,
203 2573 329 2647 cuspide
344 2576 380 2630 ad
395 2586 504 2650 pectus
519 2593 608 2633 suum
625 2573 750 2641 directi,
771 2577 932 2651 atquehoc

93 2652 164 2726 ipso
177 2652 339 2714 declaravit
360 2653 558 2710 Robinsonem
573 2655 642 2712 vitae
658 2654 801 2731 necisque
824 2657 933 2713 trabere

96 2743 287 2808 potestatem.
329 2735 412 2790 Tum
424 2737 576 2790 Robinson
594 2753 758 2810 assurgens
773 2735 802 2792 in
816 2736 938 2806 regiam

96 2809 290 2890 majestatem
312 2813 449 2872 dextram
473 2816 592 2872 subdito
616 2815 761 2891 porrexit,
780 2813 932 2892 jussitque
1029 2843 1030 2854 κ

95 2907 203 2950 secum
220 2909 348 2952 eoenare.
390 2896 499 2966 Frr'day
513 2895 593 2954 dicto
608 2894 732 2953 audiens
746 2891 813 2960 fuit,
836 2892 875 2948 ita
892 2904 933 2948 ra·

3 3037 5 3046 s
94 2989 167 3042 men
183 2983 216 3030 ut
231 2974 296 3048 ipse
318 2974 353 3030 ad
370 2976 463 3048 pedes
483 2979 662 3050 Robinsonie
677 2973 773 3045 humi,
792 2971 845 3030 ille
859 2968 931 3030 veri

72 3077 74 3080 ’
94 3049 127 3110 in
140 3063 291 3132 suggestu
308 3054 452 3130 graminis
467 3057 597 3115 sederet.
