2068 3278
347 201 501 242 uourusou
519 167 690 244 onusosus.
874 189 937 242 115·

109 309 164 346 son
180 299 214 348 ut
227 291 425 366 cognoscendi
441 292 632 364 cupidinum
650 291 787 365 expleret
799 300 863 364 post
875 291 928 346 du·

109 382 227 427 metum
250 389 282 425 se
310 369 426 444 recipit,
453 367 551 444 ibique
573 371 720 427 indusium
753 383 928 443 restemque

111 449 247 524 praesecti
261 467 329 505 curu
345 449 453 506 catceis
467 463 496 505 et
510 450 658 506 tibialibus
673 450 775 515 iuduit;
790 463 852 504 tum
867 451 929 523 gia·

111 529 162 585 dio
189 529 303 585 cinctus
325 528 460 609 pileoque
482 544 602 586 ornatus
623 525 718 604 subitd
742 528 930 602 progreditur

112 619 203 683 atque
224 621 291 664 aute
311 613 415 663 ocutus
437 609 509 664 socii
530 609 766 682 obstupescentis
787 603 951 662 consistit*

113 686 170 743 ltte
193 687 333 743 attonitus
354 687 568 762 aliquantulum
584 687 716 748 recessit,
739 685 835 760 primo
850 683 929 742 certe

113 780 236 840 aspectu
252 767 385 823 incertus
396 769 547 824 dominum
562 783 599 824 ue
617 783 651 822 au
666 765 757 832 stium
769 767 930 840 quemdam

115 845 236 902 homine
251 846 396 922 ntajorern
408 845 604 920 conspiceret?
649 848 796 900 Robinson
812 843 932 900 attonito

115 927 279 991 subridens,
294 942 380 980 uranu
394 928 495 982 blandi
509 928 646 1000 porrecta
659 929 798 979 eumdem
810 923 931 996 'profite-

114 1011 165 1060 tur
177 1021 209 1059 se
224 1021 328 1061 verum
352 1003 554 1070 Robinsonenr,
575 1006 706 1060 amicum
726 1005 802 1079 ejus*
813 1020 933 1078 semper

113 1099 193 1151 esse,
207 1084 261 1140 etsi
270 1093 352 1140 veste
364 1098 393 1140 et
403 1083 518 1142 fortune
529 1084 657 1140 mutatis.
680 1083 760 1139 Turn
773 1083 932 1156 depromp-

116 1173 162 1218 tas
187 1163 309 1236 remigis
331 1175 428 1219 vestes
443 1181 512 1219 eum
528 1165 613 1218 docet
635 1163 688 1217 tite
708 1163 828 1218 iuduere
843 1171 932 1235 atque

117 1254 183 1314 post
208 1244 326 1300 arbusta
347 1243 438 1298 latere
458 1241 544 1319 jubet
566 1247 598 1298 ut'
619 1259 649 1297 se
678 1257 796 1316 quoque
819 1242 932 1296 vestiat.

117 1320 219 1377 Paruit
241 1323 360 1392 Brittan,
386 1336 513 1378 attamen
537 1319 664 1378 muttum
688 1319 830 1394 temporis
851 1320 879 1376 iu
901 1337 933 1392 se

116 1401 271 1457 vestiendo
283 1401 476 1474 consurupsit;
499 1403 610 1476 quippe
621 1402 670 1472 qui
687 1399 736 1455 iila
752 1399 806 1454 sibi
818 1399 934 1473 aptandi

115 1476 236 1536 omniuo
251 1481 332 1536 rudis
344 1493 434 1536 esset.
467 1481 621 1536 indusium
634 1479 770 1535 videlicet
781 1477 820 1534 ita
832 1478 935 1546 induit,

117 1567 150 1614 ut
166 1557 256 1631 pedes
272 1562 393 1616 manicis
407 1560 590 1626 immitterem
605 1559 707 1614 eodem
723 1558 810 1613 modo
822 1558 935 1614 braccis

118 1653 192 1694 usus
206 1649 261 1705 est;
284 1642 377 1712 pedes
399 1638 536 1696 uitnirtim
558 1639 586 1694 iu
608 1649 706 1714 partes
728 1637 879 1694 interiores
893 1637 935 1693 in·

118 1734 219 1772 serere
242 1731 372 1784 conatur,
392 1720 583 1792 tunicamque
604 1717 631 1773 iu
652 1719 737 1773 dorso
752 1729 935 1772 connectere.

118 1794 237 1852 Sensim
264 1815 396 1855 errorem
424 1799 608 1855 intellectum
637 1795 815 1862 emendavit,
843 1797 935 1852 donec

6 1889 10 1906 ·
88 1903 94 1910 -
117 1876 248 1942 taudem,
266 1873 380 1950 saepitis
399 1875 509 1934 frustrti
523 1887 655 1942 conatus,
668 1875 766 1930 omnia
779 1875 833 1930 ista
849 1874 937 1931 vesti-

117 1967 219 2010 menta
233 1954 313 2012 recte
328 1956 449 2014 induere
464 1957 623 2012 didicisset.
654 1955 708 2010 tna
724 1971 793 2010 vero
806 1954 936 2010 maxime

118 2034 251 2091 laudavit
266 2035 346 2110 qudtl
357 2037 455 2110 ipsunt
469 2033 592 2110 egregie
603 2045 703 2090 contra
712 2034 935 2107 utusquitouurn

118 2117 456 2188 morsus'deteudcrent,
490 2116 615 2172 Calceos
643 2117 721 2170 sotos
750 2111 936 2188 vituperavit.

117 2193 170 2267 qui
190 2195 294 2268 partim
317 2196 534 2252 commoditatis
556 2196 663 2250 habere
683 2193 737 2267 ipsi
755 2194 935 2249 videbantur.

118 2271 186 2329 Jam
221 2273 263 2330 itti
300 2276 448 2328 Robinson
477 2275 657 2330 demonstrat
685 2273 937 2350 quemadmodum

120 2358 264 2409 utendum
292 2355 330 2410 sit
357 2353 455 2410 securi
478 2353 656 2428 caeterisque
677 2351 888 2416 instrumentis
909 2359 938 2404 et

119 2431 275 2488 confestim
288 2436 402 2490 securis
414 2433 655 2506 experimentum
666 2430 799 2488 iecerunt
811 2431 939 2485 maium·

117 2529 179 2588 que
195 2513 249 2568 rati
264 2512 402 2573 idoneum
419 2525 593 2584 aptererunt
607 2529 696 2587 quem
719 2512 784 2566 reio
799 2509 826 2566 in
841 2521 939 2583 poste·

119 2609 189 2648 rum
202 2591 388 2648 instruerent.
423 2591 635 2666 Quodquideur
650 2607 726 2664 opus
742 2592 891 2644 Robinson.
906 2604 939 2644 se

119 2671 219 2729 solum
231 2670 434 2746 perfecturum
446 2672 580 2744 spondet,
595 2671 770 2744 sociumque
781 2669 816 2725 ad
830 2670 938 2722 lamam

118 2751 313 2825 motgenuam
327 2751 426 2818 mittin
438 2751 494 2805 hoc
505 2750 584 2807 enim
596 2767 649 2824 per
661 2748 785 2805 biduum
797 2747 939 2820 neglexe-

120 2839 195 2888 rant.
698 2843 699 2848 ¹

162 2909 294 2965 Absente
316 2911 438 2980 Friday‚
468 2910 616 2964 Robinson
639 2910 840 2980 sclopetotttm
869 2903 940 2958 altc-

120 3007 188 3048 rum
201 2989 342 3064 complet,
356 2999 389 3046 ut
399 2986 495 3046 amico
506 2989 640 3046 ostendet
650 2997 759 3062 quanta
770 2984 807 3042 ait
818 2983 863 3042 vis
874 2999 888 3023 t'
916 2981 924 2994 '
