2048 3288
125 199 162 250 48
346 210 502 252 uosrusou
519 211 690 254 onusotsus.

124 305 229 363 vendae
244 303 450 382 subjiciebant.
498 307 601 382 itaque
617 305 684 382 ejus
701 305 745 362 rei
759 302 946 377 experimen-

123 395 188 441 tum
216 383 314 442 facere
337 386 486 461 properat.¹
528 385 639 460 Elapsfi
660 386 709 442 vix
733 383 945 454 horbdirnidii3

124 483 196 521 saxa
221 481 288 540 quae
307 463 358 522 vix
386 477 514 541 quatuor
536 465 670 522 homines
697 464 810 541 junctis
835 462 946 522 viribus

122 561 245 600 movere
264 545 439 618 potuissent,
457 548 474 602 ὲ
503 547 646 618 spetunca
666 543 794 602 feliciter
815 555 947 602 extracta

123 636 200 682 sunt:
224 641 356 698 moxque
381 627 468 682 iaetus
490 623 649 682 admodum
672 625 743 682 vidit
763 623 946 682 domicilium

122 721 210 761 strum
227 715 257 761 et
272 705 370 761 laxius
385 717 413 760 et
428 705 521 761 tutius
542 723 609 760 esse
631 701 720 778 qusint
744 701 838 761 antei.
880 703 946 761 Jum

122 781 203 839 enim
232 784 359 856 parietes
382 801 438 840 non
466 781 566 840 mimis
586 781 676 859 qusint
701 783 855 859 laquear
848 801 946 857 ipsum

122 879 195 916 saxo
208 865 387 932 constabant,
397 881 452 920 nec
466 865 511 920 vei
526 864 649 921 minima
663 864 818 939 quidem'
796 881 872 920 rrmn
882 880 948 938 pcr-

122 939 315 1016 spiciebatur.

161 1021 250 1076 ''iunc
273 1023 308 1077 ad
344 1035 475 1081 montem
504 1022 690 1098 ignivomum
718 1021 771 1098 qui
806 1039 947 1106 vaporem

120 1110 218 1158 etrum
242 1101 379 1160 emittere
402 1102 531 1160 nondtim
554 1103 692 1168 desierat,
719 1101 841 1177 propius
866 1121 948 1160 acce·

119 1181 190 1236 dere
218 1181 316 1238 audet.
359 1183 515 1240 Mir'atur
508 1193 660 1259 mgentem
684 1199 825 1239 saxorum
852 1183 947 1258 iique·

118 1258 267 1318 factorum
281 1261 398 1337 copiam
421 1281 501 1338 quse,
514 1260 602 1338 longe
617 1261 733 1338 rateque
748 1261 866 1328 diffusa,
880 1280 948 1320 nec·

120 1341 193 1397 dum
209 1339 297 1396 etiam
315 1342 490 1416 refrigerata
501 1355 592 1400 erant
634 1340 713 1408 Crirn
726 1341 949 1405 animadvertis·

120 1425 275 1477 setlovam
290 1421 410 1480 adeum
425 1419 527 1480 locum
544 1421 730 1480 effluxisse
722 1438 752 1479 ιιι
770 1439 830 1496 quo
848 1423 947 1481 solans

119 1501 301 1566 crescebant,
326 1500 507 1580 magnopere
522 1503 621 1560 timuit
641 1519 678 1558 ne
702 1505 818 1557 torrens
839 1501 947 1576 igneus

119 1589 212 1637 totam
234 1579 321 1636 istam
337 1583 491 1657 regionem
511 1579 896 1662 vasrtsset.1raquecdm
911 1579 946 1640 eb

119 1677 151 1716 sc
169 1658 351 1728 contulisset,
374 1680 484 1737 magno
498 1681 568 1719 cum
585 1661 693 1736 gaudio
707 1671 815 1718 cuncte
828 1659 903 1718 bene
915 1679 947 1719 se

119 1741 229 1797 habere
243 1741 446 1814 deprehendit.
490 1741 529 1798 Et
550 1739 688 1798 continui>
705 1739 805 1797 statuit
817 1741 906 1798 variis
917 1741 947 1799 in

119 1819 253 1894 partibus
281 1820 387 1880 insuiae
410 1837 473 1879 suae
496 1823 595 1879 solane
616 1838 728 1888 serere,
751 1831 789 1876 ne
810 1820 946 1879 fructum
1010 1827 1011 1852 ³

119 1914 181 1958 tam
196 1900 356 1998 egregium
372 1899 490 1958 sinistro
503 1901 603 1977 aliquo
617 1919 687 1958 cusu
703 1900 866 1958 amitteret

158 1976 283 2037 Interim
308 1977 377 2038 crim
397 1999 481 2038 mons
502 1979 619 2038 iunium
642 1979 779 2038 emittere
797 1980 948 2051 desiisset,

15 2111 24 2123 .
119 2064 272 2118 Robinson
288 2062 363 2118 ad
336 2079 404 2138 epus
419 2061 531 2118 hiatum
546 2063 691 2118 accedere
706 2077 798 2118 susus
812 2071 866 2116 est.
889 2062 947 2120 Le·

118 2152 182 2198 tera
198 2158 318 2216 quoque
329 2153 360 2197 et
373 2141 464 2199 imam
479 2153 596 2216 partem
609 2141 678 2241 ejus
689 2145 756 2197 laod
771 2139 949 2233 refrigerati

118 2234 268 2312 opertam
267 2220 388 2278 invenit:
411 2220 543 2296 cumque
563 2217 710 2296 nusquam
724 2223 770 2278 vel
785 2221 949 2278 minimum

117 2303 185 2360 inde
200 2300 271 2358 oriri
262 2299 402 2358 'fumum
418 2301 543 2371 rideret,
553 2319 610 2358 non
625 2301 688 2358 sine
698 2301 842 2374 probabili
854 2303 950 2358 cause

118 2381 300 2440 existimavit
314 2381 417 2456 ignem
432 2383 658 2439 subterraneum
680 2378 950 2454 penitdsexstinc-

118 2477 194 2530 tum,
207 2479 304 2538 neque
313 2462 342 2519 in
357 2471 512 2536 posterum
527 2461 582 2518 sibi
591 2459 742 2540 ejusmodi
755 2462 950 2536 eruptionem

116 2557 184 2602 csse
198 2543 465 2600 extimescendam.

130 2621 243 2695 Qua
241 2637 296 2697 spe
316 2621 522 2690 confirrrretusr
540 2621 577 2678 ud
598 2619 764 2693 alimenta
757 2637 786 2677 tn
809 2619 950 2678 hiemem

118 2705 288 2778 colligenda
304 2703 435 2758 animum
451 2702 607 2759 convertit.
650 2689 717 2758 Hoc
731 2700 865 2794 consilio,
877 2713 950 2758 octo

118 2785 228 2842 Lamos
253 2780 375 2840 subinde
396 2782 504 2838 eodem
525 2783 615 2838 modo
638 2779 797 2857 cepitque
819 2775 950 2853 priores

117 2865 322 2923 Istosomnes
338 2862 494 2954 mactavit,
509 2871 641 2936 excepto
665 2861 770 2928 hirco,
779 2877 872 2936 quem
900 2875 952 2916 so·

118 2945 199 3002 cium
215 2945 309 3003 tribus
324 2941 386 3000 suis
400 2941 502 2998 Lesbis
516 2941 669 3000 cicuribus
683 2940 831 3021 adJunxiu
845 2939 955 2998 mcxi-v
