2068 3278
355 173 505 215 nosrnson
520 176 686 218 consonus.
877 161 928 216 tos

113 257 184 330 Quo
197 257 283 326 facto,
296 259 355 318 duo
367 262 495 335 sclopets
508 261 588 336 ponit
600 261 692 327 humi,
706 258 825 318 tertium
840 281 930 320 rnsnu

75 383 77 388 ,
114 351 205 404 tenen
227 339 303 412 quod
316 341 426 410 Fridoy
441 341 571 398 inritatus
586 355 640 396 est.
682 342 761 400 Tum
774 339 873 398 funem
889 343 932 399 in·

111 418 294 476 condiarium
321 418 437 478 rirnuiae
465 421 602 478 tormenti
629 421 776 478 admovet.
825 423 930 495 Ignem

113 497 213 568 pulvis
226 497 364 572 concipit,
384 501 490 573 globus
511 502 688 576 exploditur.
729 499 858 573 Fragore
880 519 932 558 au·

113 577 184 645 dito,
196 576 337 634 berneri&
352 578 513 654 cespitibus
522 581 558 636 ad
571 591 678 636 terram
696 579 849 654 procidunt
861 598 932 656 qua·

114 657 139 712 si
153 673 256 714 omnes
277 653 335 714 unci
347 659 447 716 occisi.
489 661 637 714 Robinson
652 671 681 714 et
705 659 804 716 socius
818 658 845 714 in
869 659 931 716 exi·

112 745 176 792 tum
192 736 235 794 rei
256 735 355 794 intenti
371 738 533 812 erectique,
556 739 592 796 sd
610 757 749 814 pugnarn,
770 739 794 794 si
808 752 931 796 necesse

112 812 199 882 foret,
219 828 327 874 caetera
342 830 451 891 perant.
494 817 567 876 Mox
591 815 661 874 vero
682 817 794 874 barbari
820 829 932 874 terrore

113 912 173 970 quo
187 893 316 970 prirntim
333 897 461 970 perculsi
476 895 588 952 suerunt
603 913 766 971 parumper
780 898 890 960 sedato,
903 897 932 954 in

113 974 206 1050 pedes
227 992 258 1032 se
274 974 401 1050 erigunt.
442 975 611 1034 Pavidiores
631 977 665 1034 ad
679 977 813 1052 -scaphas
834 973 933 1050 profu·

112 1053 208 1128 giunt,
226 1051 361 1111 fortiores
375 1074 456 1112 arma
470 1057 596 1130 capiunt.
637 1054 686 1113 ltti
701 1053 770 1112 vero
792 1059 854 1112 soto
874 1067 933 1114 tor·

112 1131 206 1190 menti
220 1131 337 1208 fragore
352 1133 496 1202 exterriti,
518 1152 614 1210 neque
629 1134 740 1212 ignem,
755 1150 851 1209 neque
869 1139 932 1216 glo·

111 1213 184 1270 bum
199 1212 340 1280 riderent3
353 1211 453 1288 itaque
465 1228 562 1270 terror
572 1231 675 1274 eorum
694 1214 868 1270 Robinsonis
880 1233 932 1274 ex·

111 1291 278 1366 pectstione
294 1292 388 1350 mittor
398 1293 466 1369 uiuit.
507 1291 585 1350 cum
601 1307 699 1350 autern
716 1292 787 1352 nihii
803 1292 933 1352 circum·

111 1370 263 1444 spiciendo
276 1371 541 1430 animadverterent
552 1391 610 1448 quo
625 1390 728 1430 rursus
743 1383 932 1440 terrerentur,

108 1449 242 1508 animum
257 1453 355 1508 statim
368 1463 553 1527 receperunt.
582 1451 744 1526 Fugientes
757 1469 876 1526 quoque
887 1469 932 1508 re·

111 1541 277 1598 uertuntur,
290 1532 388 1588 cuncti
404 1533 581 1592 horrendum
595 1533 757 1590 clamorem
771 1531 869 1597 edunt,
890 1541 933 1588 st·

107 1626 170 1682 qne
185 1607 349 1668 saevissimo
361 1611 443 1668 vulto
455 1624 602 1686 gestuque
614 1629 697 1668 ernis
707 1609 852 1668 vibrantes
864 1611 932 1666 eho·

110 1707 180 1748 rum
195 1688 336 1746 hellinum
351 1690 520 1748 instaurant.

153 1769 302 1824 Robinson
318 1771 409 1828 iraeret
423 1770 510 1826 etism
526 1770 644 1842 dubius,
654 1771 747 1830 donec
762 1771 852 1826 choro
867 1766 933 1828 finis
1027 1795 1028 1800 ¹

109 1845 206 1907 fieret.
247 1847 325 1905 Cinn
344 1847 413 1906 rerd
430 1849 550 1907 vidisset
563 1851 701 1906 barbaros
716 1850 822 1905 iteruin
838 1848 930 1906 consi-

108 1927 183 1994 dere
207 1928 341 2002 duosque
365 1928 442 1986 mitti
466 1930 516 2006 qui
543 1929 726 2003 Europaeum
753 1928 934 1986 adducerent

110 2006 312 2076 mactandurrr;
327 2019 390 2066 turn
400 2007 512 2066 diutius
524 2008 599 2066 iram
612 2009 750 2065 cohibere
762 2025 817 2064 non
830 2007 932 2081 potuit.

108 2085 237 2146 ,Scilicet
249 2087 384 2162 praecipit
397 2089 478 2146 socio
492 2106 564 2146 voce
579 2088 736 2145 submisse:
756 2096 786 2142 tu
803 2087 839 2143 ad
860 2087 934 2144 dex·

111 2177 200 2234 tram,
220 2184 276 2242 ego
291 2168 326 2224 sd
347 2167 504 2226 sinistram:
527 2167 612 2224 Deus
628 2186 682 2224 nos
702 2163 834 2300 adp‘uvet!
878 2165 934 2222 His

112 2244 212 2314 dietis,
222 2247 387 2320 sciopetum
401 2247 465 2320 ipse
480 2247 622 2319 explodit,
636 2247 715 2302 idem
741 2244 799 2302 scit
813 2247 935 2314 Frtday,

111 2326 164 2400 qui
190 2323 296 2382 melitis
318 2329 483 2382 Robinsone
505 2325 720 2382 collineaveret.
763 2325 796 2380 ln
819 2324 936 2382 sinistro
959 2325 962 2330 ’

110 2405 191 2462 eninr
210 2416 293 2476 parte
306 2405 447 2480 quinque,
466 2404 496 2462 in
511 2406 617 2468 dextri
630 2416 690 2460 tres
711 2401 822 2460 tannim
840 2403 935 2476 proci·
1024 2429 1025 2433 ¹

111 2485 229 2540 derunt.
272 2483 319 2540 Ex
333 2485 440 2559 quibus
453 2496 530 2548 octo,
551 2496 612 2540 tres
626 2482 781 2549 interfecti,
803 2483 935 2558 quinque

111 2563 258 2622 vulnerati
283 2561 369 2622 rnodd
394 2576 484 2624 erunt.
528 2563 606 2622 Mira
627 2563 681 2620 suit
707 2561 852 2620 festinatio
877 2561 936 2636 qu&
1023 2593 1024 2600 κ

109 2643 173 2721 jam
189 2660 291 2698 omnes
312 2644 362 2718 qui
383 2643 472 2700 'rtlaesi
485 2641 601 2700 inerant
625 2641 728 2718 fugam
752 2643 934 2715 corripuere.

111 2725 175 2781 Alii
189 2721 247 2777 alia
260 2723 288 2780 in
310 2725 374 2779 loca
387 2722 575 2799 aufugientes
589 2724 748 2780 immanem
764 2723 853 2779 edunt
871 2718 936 2794 ejur

110 2804 215 2861 latum.
259 2803 406 2860 Robinson
420 2821 497 2865 nunc
511 2803 821 2877 prorumpeccgestit,
843 2815 874 2856 ut
890 2797 935 2856 iu·

111 2883 229 2958 gientes
255 2899 451 2960 persequatur
479 2883 693 2958 miserumque.
749 2880 935 2952 Europaeurn

113 2961 240 3022 vinculis
255 2963 369 3034 litteren
390 2965 442 3022 sed
456 2963 612 3038 obstupuit
621 2959 704 3032 sone,
724 2957 796 3018 cium
813 2957 920 3016 nonni¹¹

498 3049 549 3100 s2
