2048 3288
97 181 132 232 to
318 163 476 232 nosritsorr
492 190 664 234 causosus.

93 281 140 340 En
155 291 283 358 quatuor
293 286 432 354 guinem,
446 281 568 354 excepit
582 293 681 354 nauta,
695 301 772 360 quas
793 303 852 362 ego
872 284 927 346 tibi

94 363 300 430 commodabo,
315 355 464 454 licdttipse
480 377 575 452 parvo
589 364 669 440 quod
690 363 765 424 mihi
788 379 929 441 superest
960 369 965 374 ’

93 439 928 602 {destinauit}:distitiadditui

92 603 178 662 nobis
192 601 249 661 fuit
262 602 480 680 navigantibus.
516 601 574 660 His
587 604 685 671 dictis,
699 623 821 665 manum
836 609 928 664 benc·

92 679 160 741 void
173 682 284 762 junxit,
298 694 388 759 atquc
401 679 534 742 faustum
548 681 607 741 iter
627 684 686 760 ipsi
707 698 849 761 precatus
870 698 927 746 cst.

95 763 180 823 Abiit
198 765 357 820 Robinson.
1016 821 1017 828 ,

132 842 218 902 Ddrn
233 845 284 902 ille
301 853 422 918 portum
438 851 564 915 peteret,
574 843 657 904 varia
667 862 774 904 secum
786 845 816 904 in
827 845 928 906 animo
1016 837 1017 896 Ῠ

93 924 241 982 volvebat.
271 920 431 998 Quomodd
446 922 508 982 mei
522 925 667 984 reducem
689 943 739 984 me
761 925 928 1002 excipient?

92 1003 291 1082 castigabunt
307 1001 375 1062 sani
390 1015 514 1078 propter
528 1008 588 1064 taio
602 1006 757 1064 delictum.
801 1006 928 1065 Sodsles

93 1082 177 1154 verri,
199 1095 229 1142 ct
252 1096 314 1144 tam
340 1083 429 1142 multi
445 1083 494 1142 alii
515 1102 566 1142 me
580 1084 745 1144 irridebunt
768 1083 850 1162 quod
865 1099 929 1146 tam

91 1162 153 1224 cito
169 1163 320 1224 redierim.
349 1164 401 1222 Sic
415 1161 466 1222 did
487 1165 626 1224 dubitans
646 1166 790 1241 quidnam
811 1165 930 1226 consilii

90 1254 226 1320 caperet,
240 1247 277 1304 ad
298 1257 419 1324 portum
441 1244 551 1320 pergit,
567 1245 620 1304 sed
637 1244 930 1314 introducemus

91 1325 214 1403 quidem
227 1338 298 1387 cum
313 1325 477 1400 voluptate,
487 1326 601 1384 nuliam
618 1327 724 1384 adesse
737 1343 845 1385 narem
857 1343 929 1402 quae
1016 1349 1017 1372 ,

93 1405 305 1480 Hamuurgum
316 1403 462 1464 tenderet.
495 1403 559 1478 Qui
573 1416 675 1464 autem
689 1408 745 1466 hac
759 1407 797 1464 de
811 1405 845 1464 r‘e
857 1423 930 1466 eum

93 1485 256 1564 certiorem
268 1485 391 1552 fecerat,
405 1484 512 1546 unusd
526 1485 678 1561 praefectis
690 1503 796 1545 earum
806 1485 931 1545 narium

94 1578 158 1624 ortt
172 1582 243 1643 quae
255 1565 291 1625 ad
309 1565 454 1622 Guineam
468 1565 709 1642 proficiscuntur.

135 1644 218 1706 cum
234 1647 382 1702 Robinson
396 1645 474 1704 inter
487 1645 739 1724 confabulandum
754 1645 881 1712 dixisset
895 1663 931 1706 so

94 1743 152 1786 non
173 1720 276 1784 dolere
297 1721 378 1803 qudd
393 1727 475 1785 nulla
489 1726 545 1784 sibi
560 1728 769 1799 Homdurgam
785 1725 932 1786 redeundi
1010 1789 1013 1796 ,

95 1807 216 1866 adesset
230 1805 448 1882 opportunitas,
461 1807 534 1884 quia
555 1805 632 1865 mira
645 1805 791 1882 flagrabat
814 1806 933 1882 cupidi·

95 1896 156 1946 tate
172 1887 393 1962 peregrinandi,
415 1885 580 1964 praefectus
595 1886 679 1946 navis
700 1887 727 1944 ei
754 1897 860 1946 auctor
875 1885 933 1944 suit
1015 1889 1016 1898 ’

96 1964 211 2026 itineris
225 1969 261 2025 ad
277 1969 422 2024 Guineom
436 1965 573 2026 faciendi.
600 1967 671 2039 Quo
683 1967 783 2026 audito
798 1965 933 2042 primum
1015 1999 1016 2010 κ

98 2048 251 2105 Robinson
266 2046 431 2124 obstupuit.
474 2047 535 2106 Sed
550 2045 620 2108 cum
636 2046 802 2122 praefectus
816 2043 933 2105 itineris

6 2133 7 2138 ’
98 2125 829 2206 cidcciararisset,iterhocforejucundissimum‚
838 2143 933 2202 seque

98 2218 133 2266 ut
147 2209 268 2266 haberet
279 2207 344 2284 ipsc
356 2208 482 2284 quicum
495 2219 678 2276 versarctur,
691 2206 785 2284 gratis
795 2225 867 2266 cum
879 2223 934 2264 cx·

100 2301 273 2365 cepturum,
286 2305 321 2346 ac
337 2285 485 2363 praetereai
499 2305 565 2346 rem
579 2305 647 2346 eam
661 2305 729 2346 esse
744 2285 821 2348 undd
833 2303 935 2363 quaes·
1014 2327 1015 2362 ss

98 2378 166 2428 tum
181 2366 233 2426 iile
246 2387 303 2428 non
325 2368 508 2428 mediocrem
530 2367 653 2436 iaceret,
673 2377 739 2426 tum
761 2364 832 2428 vero
855 2378 936 2426 tanta

100 2465 172 2506 eum
197 2447 303 2508 invasit
326 2447 474 2522 cupiditas
498 2445 717 2526 proficiscendi,
742 2460 775 2508 ut
798 2445 935 2504 subitod

100 2528 247 2588 memorii
268 2527 418 2590 exciderit
437 2529 584 2604 quidquid
604 2529 701 2588 bonus
724 2539 812 2587 nauta
839 2527 936 2584 Ham·
1002 2595 1009 2612 ι

101 2607 261 2684 burgensis
274 2627 345 2668 eum
360 2608 563 2668 admonuerat.
780 2673 781 2680 χ

143 2688 203 2746 Sed
218 2706 250 2746 re
265 2687 421 2766 paululum
437 2690 632 2752 considerati,
647 2688 797 2766 equidem,
816 2685 857 2746 ait
874 2687 936 2744 Ro·

103 2771 218 2839 diacon,
239 2781 368 2845 quatuor
382 2767 589 2828 tantummodo
601 2775 729 2843 guinem
745 2769 849 2828 habeo.
875 2765 935 2824 Ec·

102 2849 175 2926 quid
189 2867 248 2926 ego
263 2847 442 2910 commercii
454 2867 525 2908 cum
545 2853 599 2909 hac
619 2850 734 2926 exigui
755 2867 788 2906 rc
810 2867 847 2908 eo
868 2848 937 2906 loco

102 2927 209 2988 faciam
221 2928 281 3006 qud
293 2941 326 2989 tu
339 2929 552 3005 proficisceris?
596 2931 658 2988 Sex
676 2934 798 3006 insuper
809 2936 936 3004 guinem

103 3010 230 3090 egotibi
249 3011 456 3084 commodabo,
476 3010 628 3088 respondit
649 3003 825 3088 praefectus.
867 3007 937 3068 Nec
