2068 3278
1015 63 1016 82 i

1015 91 1016 176 l

135 192 186 246 lat
365 205 513 244 aooinson
529 203 704 244 onusoaus.
1015 225 1016 282 ἢ

1015 305 1016 356 l

129 295 209 354 enim
224 315 279 352 non
295 297 461 360 solumne,
482 314 594 358 caseos,
609 296 809 369 butyrumque
834 295 950 369 praebe-
1015 289 1016 298 ’

130 379 207 441 bant,
228 377 270 432 illi
293 375 362 432 verb
384 377 412 432 in
434 377 513 448 agris
529 375 659 430 colendis
674 391 782 448 magno
796 376 951 430 etant‘ad-

127 454 271 533 jumento.
314 455 363 510 Sic
378 455 413 511 ad
429 457 496 511 vitae
512 452 682 510 felicitatem
700 453 861 527 perfectam
877 452 951 509 nihil

131 535 291 588 Robtnaom'
316 537 425 600 deerat,
452 543 560 606 praeter
588 537 722 606 prii-entes
748 546 777 588 ct
812 533 948 608 patriam.

94 655 99 667 ,
130 612 218 671 Tunc
233 615 311 671 enirn
329 632 367 670 ex
382 615 462 669 omni
477 623 557 686 parte
571 615 675 667 beatus
688 611 802 668 fuisset.

222 929 367 988 CAPUT
390 929 642 988 VlGESIMUM
665 923 856 988 SEXTUM.

131 1089 267 1145 Adeunt!
289 1089 543 1144 adeunti-Arma
564 1095 745 1144 intercoelos
766 1090 952 1146 dividuntur.
1002 1107 1007 1134 -’

168 1170 344 1222 -Paratur
368 1171 592 1224 bellum—Duo
617 1175 675 1222 oiri
696 1168 841 1222 advertus
865 1177 952 1240 quin-

170 1248 489 1320 quaginta-Victoris
506 1251 663 1301 clementia.

170 1405 246 1462 Hac
263 1405 337 1461 inter
349 1425 403 1462 sex
418 1423 534 1462 menses
546 1405 698 1470 effluxere,
711 1407 889 1477 nec¹Frlday
904 1409 951 1464 ul-

130 1485 190 1541 lam
204 1481 300 1542 denub
313 1488 348 1540 de
361 1485 452 1558 patriai
467 1487 624 1559 repetenda
641 1483 817 1540 mentionem
832 1487 953 1545 domino

129 1563 249 1620 fecerat.
292 1561 409 1638 Saepitis
423 1578 532 1632 autem,
547 1564 679 1620 confecto
694 1565 802 1630 labore,
817 1579 950 1624 montem

130 1643 207 1699 unde
222 1643 345 1700 insulam
361 1643 390 1700 in
404 1647 463 1720 qual
483 1657 567 1700 natus
581 1656 643 1699 erat
657 1651 868 1717 prospectaret,
881 1664 952 1704 con·

130 1723 271 1778 scendere
287 1723 406 1779 solebat.
446 1723 492 1779 lbi
506 1724 730 1782 meditabundus
754 1723 884 1792 sedebat,
906 1727 951 1782 lu-

130 1819 205 1876 gens
219 1798 299 1876 qudd
319 1797 431 1875 &patre
445 1801 473 1858 in
496 1817 674 1874 perpetuum
696 1799 863 1877 disjunctus
884 1821 952 1860 esse

131 1879 288 1966 virifretur.
331 1881 369 1938 Et
383 1883 446 1956 ipse
463 1883 609 1936 Robinson
634 1882 746 1936 tacebat
768 1881 803 1936 de
828 1877 882 1937 hoc
904 1883 947 1940 iti-

128 1977 209 2025 nere;
231 1957 343 2034 quippe
357 1961 407 2029 qui
423 1980 477 2016 non
493 1971 591 2035 posset
606 1960 692 2016 amici
708 1959 781 2016 votis
798 1959 879 2032 pritls
900 1964 953 2020 ob·

129 2040 303 2106 secundare,
323 2039 410 2114 quam
426 2053 532 2096 cuncta
546 2040 580 2095 ad
596 2057 704 2096 novum
725 2039 841 2096 vivendi
855 2059 952 2116 genus
973 2109 976 2117 ¹

128 2115 253 2176 luissent
267 2119 416 2192 disposita.

170 2199 260 2255 Nunc
282 2211 380 2254 autem
395 2199 536 2257 absolutis
550 2201 639 2256 rebus
660 2199 790 2256 maxime
802 2215 953 2260 ‘necessa-

129 2277 190 2344 rllss
203 2279 350 2332 Robinson
366 2279 481 2352 primus
493 2279 573 2335 navis
588 2281 623 2335 ad
638 2279 709 2336 socii
724 2291 836 2351 patrem
851 2297 951 2338 orces·

75 2410 82 2418 ,
129 2359 253 2414 sendum
269 2354 366 2413 denud
383 2361 518 2432 parandae
533 2371 636 2414 auctor
651 2355 714 2414 luit.
757 2357 952 2431 Qunaudito,
1007 2358 1011 2368 “

128 2437 239 2506 Fridny
253 2437 333 2494 tanta
347 2439 507 2494 etiamnum
529 2439 636 2510 quanta
650 2435 730 2510 pritls
744 2437 848 2494 laetitia
861 2439 954 2496 allec·

128 2525 186 2579 tus,
201 2525 319 2588 gratum
336 2533 406 2590 erga
421 2517 612 2570 Robinsonem
627 2517 759 2574 animum
771 2519 875 2572 eodem
888 2535 965 2574 mo·.

128 2593 165 2648 do
181 2593 350 2650 declaravit.
393 2595 533 2651 Proximo
553 2595 646 2670 igitur
666 2595 713 2650 die
735 2614 810 2670 opus
831 2593 953 2654 inchoa·

108 2687 110 2692 ’
127 2682 192 2727 tum
207 2683 261 2734 cst,
275 2671 485 2748 instructisque
504 2673 616 2732 idoneis
632 2675 785 2732 securibus
800 2676 888 2750 longe
906 2673 961 2746 le,

128 2749 215 2806 licius
229 2767 278 2804 res
289 2750 388 2807 cessit.
888 2751 894 2770 ¹

168 2827 226 2884 Die
240 2829 366 2902 quadam
392 2829 539 2886 Robinoon
560 2831 589 2890 in
610 2833 730 2908 negotio
748 2835 878 2909 quodam
901 2835 953 2894 do·

127 2905 253 2964 mastico
265 2918 430 2980 occupatus
442 2909 557 2966 socium
572 2914 608 2970 sd
621 2912 704 2970 littus
715 2913 794 2971 misit
808 2925 842 2972 ut
856 2923 953 2972 tectu·
