2068 3278
22 197 26 205 -
101 167 139 218 92
339 154 500 224 nostratiis
522 171 696 214 onerosus.
719 181 723 191 ·

99 279 203 329 noctes
218 266 370 326 solitarius
384 267 412 324 in
426 266 486 324 otio
508 277 538 322 et
552 265 683 322 tenebris
697 265 833 342 degerat.
867 263 885 324 J
888 283 940 326 am

100 348 173 410 verb
190 368 260 406 eum
276 348 358 406 socio
372 347 408 404 ad
423 347 593 421 lampadem
609 355 638 401 et
654 345 755 402 focum
770 346 889 415 sedens,
910 345 942 404 in
974 395 978 398 .

100 428 201 505 aliqua
217 447 248 484 re
272 429 405 504 gerenda
419 438 596 502 occupatus,
617 423 825 484 confabulatur
838 443 940 503 neque

103 506 238 584 unqutim
254 509 339 586 gravi
351 506 474 565 desidiae
485 507 618 582 pondere
629 505 819 580 opprimitur.

141 590 246 664 Atque
268 607 308 646 ex
328 589 410 646 socio
424 586 528 644 didicit
542 583 637 643 varias
652 597 730 642 artes
747 585 857 660 quibus
872 587 940 644 bar·

101 669 165 726 bari
180 671 336 726 nonnullas
351 667 406 727 sibi
416 663 645 724 commoditates
668 678 854 740 comparant;
879 668 943 722 Ro·

103 752 207 806 binnan
222 766 344 826 quoque
356 749 450 804 multa
462 746 548 803 illurn
558 745 661 802 docuit
675 763 744 820 quae
754 747 887 804 barbaris
897 748 942 804 la-

103 839 173 887 tent.
201 831 243 886 lta
257 830 285 887 in
300 827 363 884 dies
378 825 534 902 peritiores
546 823 615 882 facti
626 825 722 892 multa
731 823 836 904 juncta
848 829 944 901 opera

104 909 272 978 confecere,
291 925 362 985 quae
381 919 487 965 neuter
508 907 590 962 solus
611 906 770 979 suscipere
784 906 943 979 potuisset.

104 989 188 1046 Tum
203 991 292 1046 ambo
308 989 484 1046 intellexere
496 998 606 1062 quanta
617 1003 655 1042 ex
672 986 827 1043 hominurn
842 987 943 1046 amics

104 1070 325 1145 conspiratione
350 1067 484 1125 oriantur
497 1066 653 1126 commoda
668 1063 778 1140 quibus
800 1065 844 1124 illi
859 1085 944 1124 care-

105 1162 182 1218 rent,
208 1149 232 1206 si
253 1148 417 1206 bestiarum
434 1164 517 1204 more
533 1143 644 1219 singuli
662 1159 850 1218 vagarentur.
893 1147 945 1205 In·

107 1230 215 1305 primis
250 1231 363 1300 Frr'day
385 1240 482 1284 artem
502 1227 630 1283 callebat
656 1227 716 1300 qud
736 1236 843 1283 tenues
871 1225 945 1286 detr-
1026 1255 1027 1258 ¹

108 1327 217 1386 sasque
239 1309 314 1366 libro
329 1308 478 1383 stragulas
492 1317 626 1362 necteret
648 1305 765 1379 corpori
788 1306 942 1366 vestiendo
1026 1321 1027 1334 ¹

108 1390 290 1464 aptissimas.
323 1387 413 1460 Quod
425 1384 496 1445 edm
507 1388 657 1442 Robinson
671 1403 710 1442 ex
726 1403 762 1443 eo
776 1386 943 1457 didicisset,

107 1482 173 1528 tum
189 1469 233 1528 illi
246 1470 383 1527 certatim
398 1481 457 1525 tam
473 1468 585 1524 multas
599 1464 749 1543 ejusmodi
766 1477 944 1536 torruerunt,

108 1561 142 1607 ut
157 1551 298 1607 idoneum
314 1548 438 1624 utrique.
452 1545 661 1604 vestimentum
684 1558 869 1620 suppeteret.
912 1548 942 1606 O

107 1626 201 1705 quim
213 1628 383 1708 jucundum
396 1629 557 1683 Robinsom'
570 1625 625 1682 fuit
638 1622 768 1702 abjicere
775 1627 942 1687 amiculum

107 1709 188 1768 istud
200 1711 370 1770 molestum,
381 1706 399 1766 ὸ
410 1707 539 1780 pellibus
550 1705 653 1780 rigidis
663 1723 716 1760 nec
728 1706 860 1764 subactis
872 1726 944 1766 con·

108 1789 223 1847 fectum
238 1806 298 1865 quo
313 1789 372 1845 huc
387 1803 482 1862 usque
497 1803 608 1861 corpus
621 1785 679 1860 ipsi
693 1787 855 1861 tegendum
876 1786 949 1850 fue-.

108 1881 264 2084 ratllrtdap
285 1945 376 2006 etlam
398 1943 518 2005 esuris
539 1962 650 2002 nucum
678 1961 812 2006 cocossae
840 1948 945 2007 variis·

110 2045 171 2106 quc
186 2032 238 2084 lter
260 2028 286 2085 is
299 2026 352 2086 lini
365 2039 500 2084 naturam
516 2023 712 2082 referentibus
727 2023 776 2082 fila
795 2027 945 2088 educendi

110 2119 207 2168 artem
223 2109 352 2176 tenebat,
366 2125 435 2182 quae
447 2104 596 2165 funiculos
610 2103 627 2164 ai
641 2107 808 2162 Roblnaom
826 2109 885 2164 huc
895 2127 946 2166 us·

111 2205 172 2264 que
186 2186 338 2246 confectos
353 2184 442 2264 longe
457 2187 645 2260 superabant.
680 2183 780 2243 Elilis
796 2187 871 2245 retia
886 2189 948 2264 pis·

112 2270 224 2327 catoris
238 2267 359 2342 proprio
375 2286 410 2324 ac
423 2265 566 2342 singulari
582 2263 708 2322 artificio
717 2267 863 2336 uertebar
878 2269 946 2344 qui·

111 2351 169 2407 bus
191 2348 219 2406 in
240 2347 384 2423 operibus
405 2340 582 2404 fabricandis
602 2343 754 2402 breviores
772 2343 860 2407 factae
877 2360 949 2410 sunt

112 2445 249 2504 vesperae
265 2445 346 2504 quae,
366 2427 505 2485 omnibus
518 2424 564 2482 his
578 2423 796 2496 deficientibus,
814 2427 947 2488 multdur

112 2509 187 2584 ipsis
202 2507 284 2566 taedii
295 2507 473 2566 attulissent.
528 2561 530 2564 .

154 2583 271 2646 Intered
285 2586 358 2644 oum
372 2587 488 2654 sedent,
510 2587 661 2642 Robinson
683 2584 773 2644 amici
791 2587 950 2665 ingenium

113 2670 188 2726 rude
195 2667 307 2722 sensim
319 2669 470 2735 excolere,
480 2665 609 2743 ejusque
621 2676 751 2723 mentem
763 2672 848 2726 certa
861 2671 949 2727 vert-

114 2766 174 2824 que
188 2743 290 2803 notititl
307 2743 365 2801 Dei
379 2745 525 2803 imbuere.
565 2743 694 2816 Quantis
709 2745 782 2804 rerd
797 2747 952 2808 erroribus

113 2845 203 2884 mens
216 2823 298 2883 illius
313 2825 367 2880 hac
384 2825 413 2881 in
428 2842 460 2880 re
475 2825 656 2882 laboraverit
670 2843 710 2882 ex
726 2826 865 2904 sequenti
879 2845 953 2887 cort·

113 2903 293 2964 fabulatione
308 2901 395 2960 facile
409 2902 467 2961 erit
477 2905 656 2980 intelligere.

154 2985 236 3044 Ros.
249 2981 401 3056 Dicmlhi,
409 2984 645 3059 quaestuose,
653 2985 770 3046 nostine
778 2985 952 3066 quismare‚
