2048 3288
112 233 149 286 60
349 243 509 284 nortrnsou
528 243 702 284 oausouus.

112 334 197 412 quasi
214 336 318 390 recens
331 345 418 390 natus
431 336 557 401 videtum
582 333 659 392 Deo,
682 331 753 388 vitae
771 329 842 388 fonti
855 343 938 389 aeter-

110 433 158 483 no,
174 414 284 488 gratias
306 414 368 490 agit
382 411 462 490 quod
478 414 532 471 sibi
552 411 648 481 denuo
670 413 778 469 intueri
803 411 887 467 liceat
901 412 936 468 si-

111 497 168 552 dus
180 497 254 551 illud
262 496 500 568 pulcherrimum
511 495 703 568 mirandaque
715 493 829 548 summi.
840 509 938 550 rerum
971 525 973 531 ,

111 573 271 632 conditoria
285 591 388 650 opera.
431 575 521 631 Nu'nc
537 573 642 648 aspicit
657 571 784 630 coerulei
800 571 871 628 coeli
886 573 939 630 im-

110 657 311 720 mensitatem,
325 671 403 711 nunc
420 665 571 712 recentem
588 667 617 710 et
634 669 783 710 amoenam
799 653 939 710 arborum

110 734 315 810 fruticumque
347 751 414 790 rore
436 735 619 791 madentium
644 733 834 799 viriditatem,
861 744 938 790 nune

110 817 205 874 lamas
227 815 332 871 fideles
346 815 399 889 qui
420 815 660 884 circumstantes,
674 813 794 872 domino
807 811 940 882 blandiri,

109 907 140 952 et
154 894 288 953 laetitiam
301 894 441 951 videntur
450 893 629 969 significare.
899 891 901 896 ’

151 976 226 1032 Mox
242 987 342 1032 autem
365 973 482 1032 favente
507 993 576 1032 aere
604 983 722 1049 puroet
737 973 938 1049 aquelrtgida

109 1057 186 1114 lacte
208 1057 394 1130 temperate,
414 1073 528 1112 necnon
554 1056 672 1130 placida
697 1057 804 1112 mentis
829 1054 937 1112 'sereni-

107 1145 178 1208 tate‚
191 1134 476 1210 penituscmvatnln
518 1134 611 1194 Brevi
626 1153 746 1210 qunque
763 1135 877 1194 viribus
891 1151 937 1192 re·

108 1217 272 1293 ceperatis,
288 1217 323 1272 ad
335 1232 427 1289 opera
441 1217 574 1272 instituta
588 1233 619 1270 se
634 1215 743 1272 retulit.

149 1298 218 1355 Hoc
243 1312 334 1352 unum
357 1305 429 1354 tunc
451 1296 479 1352 ei
499 1297 660 1352 molestum
676 1293 733 1350 luit
754 1294 835 1372 qudd
860 1295 939 1372 ignis

108 1377 260 1434 extinctus
282 1384 371 1432 esset.
415 1375 634 1432 Verumtamen
656 1379 856 1450 magnacum
880 1376 941 1434 ani·

108 1457 151 1516 mi
181 1455 381 1514 moderatione
411 1457 488 1513 hunc
516 1473 619 1514 casum
654 1457 733 1520 tulit,
761 1474 816 1512 nec
853 1471 941 1532 spem

107 1535 228 1596 omnind
245 1535 355 1603 amisit,
371 1536 521 1612 siquidem
538 1555 615 1593 nunc
633 1549 778 1609 expertus
791 1549 852 1592 crat
869 1536 940 1594 nihil

107 1635 174 1674 esse
197 1635 252 1674 cur
265 1614 411 1673 adverada
427 1616 533 1674 hiemis
556 1617 772 1673 inclementiam
790 1618 845 1673 sibi
861 1633 939 1692 prae·

108 1707 238 1763 caveret,
257 1708 348 1772 atque
365 1695 421 1752 etsi
444 1699 479 1750 ab
502 1697 622 1754 ineunte
645 1707 732 1754 aetate
748 1715 836 1752 carne
859 1696 942 1754 vesci

107 1787 313 1840 consueverat,
342 1775 472 1850 speravit
494 1789 593 1832 tamen
614 1775 678 1832 lore
707 1788 737 1830 ut
765 1775 800 1832 cal
826 1795 942 1846 carere,
1016 1773 1017 1792 ¹

88 1903 91 1912 .
107 1856 237 1930 solisque
252 1839 400 1912 fructibus
414 1865 443 1911 et
458 1857 536 1912 lacte
552 1858 700 1913 lamarum
716 1857 813 1934 vitam·
823 1871 941 1914 susten·
1016 1889 1017 1896 κ

105 1948 293 2012 tareposaet.
984 1933 988 1942 '

147 2017 229 2089 Quid
252 2034 330 2074 nunc
354 2015 508 2089 suscipiat,
536 2014 678 2074 conlectis
701 2017 839 2074 omnibus
869 2034 941 2091 quae

105 2097 253 2166 manibus,
268 2097 330 2154 sirie
359 2095 450 2153 ullius
472 2097 662 2155 instrumenti
684 2099 807 2164 auxilio,
831 2097 942 2155 confici
1016 2103 1017 2112 ’

105 2175 238 2254 possent?
281 2177 365 2234 Nihil
389 2175 463 2254 ergd
485 2178 541 2234 sibi
561 2195 720 2250 superesse
743 2179 868 2252 putavit,
884 2179 941 2236 nisi
1010 2169 1017 2248 ‚³

107 2259 175 2316 utin
186 2258 283 2317 otioet
298 2274 402 2314 somno
415 2260 506 2314 vitam
524 2269 725 2314 consumeret.
740 2257 940 2334 Qtuaquidem

100 2339 273 2396 ¹conditione
286 2337 474 2394 miseriorem
498 2337 553 2395 sibi
576 2336 690 2410 lingere
705 2340 817 2394 nullam
831 2338 941 2414 potuit.

105 2417 172 2474 Jam
188 2420 267 2476 eninr
280 2421 435 2492 tantopere
452 2419 544 2474 labori
560 2429 699 2476 assuetus
711 2429 774 2474 erat
790 2429 822 2496 ut
842 2420 943 2495 vitam

103 2497 319 2556 intolerabilem
350 2497 548 2564 existimaret,
581 2497 699 2572 quoties
734 2495 800 2554 utili
834 2516 942 2572 operae

105 2595 211 2635 vacare
223 2597 279 2634 non
296 2581 410 2645 liceret;
434 2575 484 2648 divi
500 2577 599 2653 itaque
613 2577 806 2652 multumque
830 2597 941 2636 secum

104 2658 255 2732 reputavit
276 2675 439 2732 quemnam
463 2658 594 2714 laborem
609 2677 687 2714 nune
703 2671 890 2731 capesceret,
906 2669 944 2716 ut

103 2735 224 2814 lugeret
238 2736 343 2793 otium.
385 2737 523 2794 Tandem
538 2737 648 2796 invenit
669 2739 697 2795 in
723 2757 783 2814 quo
810 2731 942 2813 operam

43 2849 46 2852 ·
104 2833 188 2874 suam
205 2819 375 2872 collocaret.

142 2895 205 2953 Diu
219 2907 369 2970 noctuque
383 2895 482 2952 animo
497 2907 669 2954 versaverat
682 2898 839 2955 consilium
854 2897 943 2956 navi·
987 2891 990 2898 ’

103 2976 182 3034 culae
195 2974 398 3042 conficiendae‚
422 2975 511 3052 cujus
532 2993 589 3050 ope
605 2988 730 3034 tentaret
745 2975 817 3035 mim
833 2985 943 3053 posset

102 3051 332 3114 insacietatem
360 3055 515 3113 hominum
540 3057 649 3127 redire,
669 3067 758 3132 atque
787 3075 820 3114 se
842 3061 879 3115 ab
905 3060 944 3114 ee
