2068 3278
113 159 151 214 ll
346 139 504 212 suntrana
516 167 703 210 nauseans.

113 258 584 336 Saltabantnnicotanttlmpede.
627 259 709 318 Nam
720 260 848 319 alterum
859 279 945 325 cree-

112 355 176 405 tutu
190 355 220 402 et
234 344 263 402 in
277 359 345 400 aere
361 343 499 400 libratum
511 341 668 398 habebant.

63 425 69 435 “
102 441 106 448 ·
148 423 218 482 Etsi
233 424 269 481 ad
285 424 495 498 spectaculum
518 419 692 499 hujusmodi
704 421 865 480 videndum
882 423 948 498 Rq·

112 509 215 563 btnson
240 521 297 562 non
322 505 486 578 imparatus
507 512 580 567 erat,
601 517 707 574 pamm
729 515 829 560 tamen
849 503 948 564 abluit

111 586 182 662 quin
197 581 303 642 rursus
318 595 432 642 terrore
447 581 678 639 exanimaretur.
719 581 945 642 Verumtamen

109 663 313 724 fortitudinem
329 675 358 718 et
379 661 520 722 fiduciam
543 660 682 718 celeriter
703 662 732 720 in
747 662 880 720 anianum
897 681 955 740 re·¹

111 746 234 804 vocavit.
279 745 361 801 Tum
382 741 399 799 ὲ
421 745 498 799 colle
521 737 649 816 propere
664 743 829 810 descendit,
842 743 945 802 omnia

109 823 309 901 dispositurus
323 823 433 898 quibus
444 839 476 880 ae
496 833 642 889 tueretur,
663 821 841 898 cunctisque
852 823 947 881 armis

109 904 284 972 instructus,
299 917 328 960 ct
341 902 490 960 auxilium
508 911 648 977 precatus
665 899 682 959 ai
699 899 775 971 Deo,
789 904 945 978 constituit

12 1051 14 1060 .
109 985 201 1046 sitam
217 1002 312 1052 suam,
334 985 431 1059 quoad
446 992 557 1057 posset,
570 978 741 1039 defendere.
782 981 872 1040 Tune
887 982 945 1041 ite·

109 1083 177 1124 rum
193 1065 230 1122 ad
258 1081 413 1121 summum
428 1064 539 1120 collem
564 1061 745 1132 conscendit,
764 1062 866 1120 hostes
886 1081 944 1122 ex·

109 1146 290 1224 ploraturus.

151 1225 227 1282 Mox
243 1221 315 1282 verd
340 1222 493 1281 cohorruit
515 1231 605 1298 atque
617 1221 789 1298 indignatus
802 1232 858 1291 est,
869 1219 942 1281 edm

109 1305 181 1364 satis
201 1299 340 1362 distinete
363 1301 433 1361 vidit
455 1304 531 1360 duos
553 1301 688 1360 homines
702 1306 719 1360 e
733 1303 942 1376 scaphistralri

107 1385 145 1443 ad
159 1385 273 1461 ignem.
315 1383 363 1440 Ac
384 1379 482 1457 primd
498 1381 669 1458 suspicatus
685 1393 731 1440 est
746 1398 798 1440 eos
811 1383 877 1441 neci
889 1383 942 1442 ad·

107 1464 213 1534 dictos,
227 1465 375 1540 brevique
387 1463 533 1538 coulperit
549 1479 581 1518 se
591 1481 649 1520 non
660 1479 767 1520 erasse.
813 1462 940 1539 Aliquot

106 1545 188 1604 eninr
206 1563 245 1602 ex
268 1544 400 1602 barbaris
420 1543 549 1602 alterurn
572 1543 723 1617 captivum
738 1553 941 1618 prosternunt,
1024 1555 1025 1578 ³

106 1637 351 1700 prostratumque
373 1627 432 1682 duo
454 1624 502 1680 alii
518 1622 622 1692 adorti,
645 1640 756 1698 corpus
771 1623 888 1690 laniant,
903 1624 941 1686 ad

73 1775 75 1783 .
106 1706 213 1780 epulas
226 1716 343 1762 atroces
365 1703 560 1760 instruendas.
601 1703 725 1760 Interim
748 1704 843 1760 stabat
864 1703 943 1762 alter

105 1785 253 1860 captivus,
268 1786 362 1842 tlonec
381 1784 445 1858 ipse
473 1799 594 1858 quoque
617 1793 808 1841 mactaretur.
851 1781 938 1842 Dum
1023 1803 1024 1814 ¹

105 1861 177 1926 verd
191 1865 319 1924 intentos
333 1864 461 1939 quisque
472 1864 578 1920 oculos
589 1863 617 1918 in
631 1863 845 1922 cruciatum‘et
860 1865 940 1920 lace·

105 1944 249 2004 tationem
265 1956 355 2012 tenet,
369 1944 430 2010 ille,
450 1957 586 2018 tempore
601 1955 731 2024 arrepto,
744 1941 824 2018 sugit
845 1954 938 2020 atque

104 2022 279 2084 citatissimo
301 2041 393 2081 cursu
415 2023 443 2080 in
458 2040 525 2079 eam
538 2023 668 2099 regionis
684 2035 800 2099 partem
814 2033 939 2082 conten·

104 2102 146 2162 dit
161 2122 251 2180 quam
269 2105 421 2158 Robinson
437 2105 593 2160 incolebat.
1021 2175 1022 2178 Ἴ

134 2183 232 2242 ‚Tunc
247 2182 348 2241 noster
368 2193 489 2240 erectus
508 2201 734 2260 suspensusque
756 2194 821 2242 tum
837 2204 891 2262 spe
907 2197 938 2244 et
1021 2181 1022 2194 ¹

102 2263 215 2324 laetitia.
237 2274 302 2320 tum
330 2264 439 2322 timore
463 2276 553 2339 atque
576 2265 696 2321 horrore
718 2263 853 2322 vicissim
869 2284 937 2341 per·

51 2385 57 2398 .
104 2344 271 2418 stringitur.
313 2344 392 2402 lllnc
421 2346 548 2408 exultat,
578 2341 648 2400 edm
678 2342 758 2402 videt
781 2344 936 2418 captivum

101 2424 201 2499 aliquo
216 2423 311 2499 spatio
333 2435 547 2499 persequentes
567 2435 769 2497 superantem
791 2425 860 2482 inde
875 2437 937 2484 tote

102 2520 228 2578 corpore
243 2504 456 2572 contremiscit,
483 2499 554 2559 etim
577 2505 783 2560 animadvertit
808 2517 937 2564 cunctos

101 2582 138 2640 ad
153 2583 354 2639 habitaculum
366 2600 454 2642 suum
469 2581 555 2640 antea
567 2583 714 2658 ignotum,
730 2601 854 2642 cursum
865 2585 937 2646 diri-

101 2680 183 2738 gere.
227 2662 299 2718 Erat
313 2677 414 2720 autem
429 2663 511 2720 sirius
525 2663 686 2720 mediocris
702 2661 831 2742 prologo
852 2664 937 2744 traji-

87 2741 233 2804 ciendos,
248 2759 284 2798 ne
299 2740 327 2796 in
349 2759 456 2799 manus
470 2744 601 2800 hostium
617 2744 747 2800 caderet.
790 2743 825 2802 ln
840 2763 935 2821 quem
1018 2811 1019 2816 η

97 2819 199 2879 statim
215 2819 341 2894 prosiliit
356 2823 525 2897 eademque
547 2839 639 2898 quam
655 2823 713 2880 huc
730 2841 828 2901 usque
850 2825 934 2884 adhi·
1018 2827 1019 2836 ’

98 2899 204 2956 bucrat
241 2899 395 2956 celeritate
424 2901 549 2958 tranavit
580 2903 616 2959 ad
645 2903 727 2962 littus
749 2905 934 2980 oppositum.

99 2975 182 3035 Dum
196 2979 283 3056 liqui
298 2977 421 3054 propius
434 2981 583 3056 urgebant
594 2982 626 3042 in
637 3000 747 3058 aquam
759 3003 792 3042 se
807 3003 933 3064 quoque
948 3029 952 3036 -
