2068 3278
135 183 190 250 lod
390 209 553 251 nonnos
575 205 751 253 caenosus.

129 295 276 356 imbribus
286 295 366 376 ignis
376 298 529 358 extinctus
540 311 593 357 est.
638 301 790 356 Robinson
802 299 966 380 sociusque

129 377 159 436 in
175 379 350 454 speluncam
366 397 398 437 se
420 377 478 455 ipsi
494 379 653 456 recipiunt,
666 397 704 438 ne
718 381 806 458 aquia
817 383 966 458 abripian·
1021 437 1022 450 ,

129 468 187 518 iur.

169 537 363 615 Tempestas,
389 539 502 598 nonnisi
526 540 575 598 die
589 541 708 606 oborto,
735 539 838 599 furere
867 541 968 602 desiits

129 615 198 677 Jam
223 620 375 676 Robinson
397 621 507 680 dubius
528 637 614 696 spem
636 621 713 680 inter
735 631 764 678 et
786 631 906 680 metum
930 624 968 682 ad
1021 671 1022 702 3

128 699 214 756 littus
223 701 383 774 procurrit,
391 703 606 774 exploraturus
618 719 781 778 quemnam
794 719 903 760 sonum
914 721 968 762 au·
1019 751 1022 770 Λ

128 777 212 838 ribus
226 782 411 856 accepisset:
446 779 549 838 Primo
574 793 677 838 aute-m
692 793 818 857 aspectu
835 799 969 858 magnus
1019 778 1022 820 t

130 857 328 916 Rodirsaonem
342 861 436 929 dolor,
460 860 575 918 socium
597 859 667 918 vero
682 861 853 936 desperatio
866 861 969 922 inces-

127 936 176 996 sit.
220 939 356 998 Proceila
384 939 526 999 nimirum
551 942 694 1016 scapham
717 943 854 998 avulsam
877 939 897 1000 ai
920 943 968 1001 lit·
1021 1011 1022 1014 Ἴ

127 1026 192 1078 tore
214 1018 243 1076 in
265 1020 360 1078 altum
383 1018 562 1100 pmjecerst.
605 1019 645 1078 Et
666 1017 747 1079 certe
762 1020 869 1098 siquis
885 1026 969 1083 nuno
1021 1061 1022 1090 ;

126 1097 275 1158 miserum
296 1097 428 1167 vidisset,
449 1099 501 1174 qui
522 1117 600 1158 nunc
622 1101 747 1160 dulcem¹
769 1100 863 1176 patris
887 1103 968 1162 revi-
1021 1149 1022 1164 t

126 1179 211 1238 nendi
239 1197 326 1253 spem
353 1177 473 1238 omnini
497 1179 650 1249 amiserat,
671 1177 688 1239 d
713 1181 853 1254 lacrymis
879 1185 969 1242 certe
1021 1187 1022 1192 ’

125 1259 274 1318 abstinere
301 1277 359 1318 non
382 1259 537 1334 potuisset.
580 1259 637 1316 ille
661 1259 819 1336 expalluit,
848 1275 969 1336 mutus,

123 1336 297 1416 aliquandiu
310 1339 407 1398 oculis
420 1339 449 1398 in
464 1349 575 1398 terram
589 1337 710 1410 defixia;
731 1355 802 1398 tuuc
816 1339 923 1400 subitd
939 1343 969 1406 in

124 1417 274 1495 lacrymas
296 1437 467 1498 erumpere,
491 1419 547 1478 sibi
567 1437 675 1480 manus
687 1430 841 1498 torquere,
854 1427 969 1498 pectus

123 1507 299 1578 percutere,
313 1501 444 1558 avellere
459 1499 565 1558 crines.
899 1528 901 1532 ·

167 1581 322 1636 Robinson
351 1583 403 1658 qui
425 1580 554 1658 propriis
567 1579 655 1638 maiis¹
678 1579 807 1640 aliorum
823 1580 969 1644 misereri

124 1657 280 1728 didicerat,
295 1659 368 1718 socii
381 1663 484 1718 dolore
503 1661 570 1735 ipse
592 1671 774 1727 commotus,
789 1661 900 1719 amicis
921 1666 970 1726 ie·
1000 1691 1022 1740 „t

122 1738 273 1816 sibosque
289 1740 410 1798 monitis
431 1742 532 1798 atudet
554 1755 625 1798 eum
653 1739 689 1798 ad
710 1739 969 1828 tranquillitatem

22 1836 24 1840 ’
123 1820 214 1879 animi
231 1821 387 1879 reducere.

164 1901 222 1958 lile
242 1900 357 1960 interes
384 1898 738 1960 oceanumimmensum
762 1899 866 1959 oculis
894 1917 969 1978 per·

122 1979 241 2048 instrat,
262 1980 287 2039 si
314 1979 390 2039 forte
414 1999 520 2040 navem
537 1977 648 2038 aticubi
664 1979 758 2056 possit
769 1981 969 2058 conspicere.

124 2058 186 2118 Sed
210 2059 330 2128 frustri3
352 2077 392 2118 ex
416 2079 453 2118 eo
481 2059 630 2118 intellexit
650 2077 683 2117 se
705 2077 832 2131 errasse,
859 2079 972 2138 neque

121 2138 255 2215 amplius
268 2137 415 2199 dubitavit
437 2139 567 2198 sonitum
589 2139 675 2198 ilium
703 2157 795 2216 quem
817 2143 974 2202 tormenti

121 2217 275 2297 fragorem
292 2231 373 2278 ratus
388 2232 451 2278 erat
467 2219 568 2296 ipsum
584 2221 694 2278 tonitru
709 2217 812 2278 fuisse.
850 2221 975 2300 itaque

121 2300 218 2360 tristis
239 2301 365 2359 domum
391 2300 480 2360 rediit
493 2297 576 2378 quod
602 2317 657 2376 spe
679 2311 741 2358 tam
764 2301 835 2358 iaeta
857 2300 974 2363 denuo

120 2378 283 2442 frustratus
297 2391 388 2440 esset.

163 2461 210 2519 ibi
231 2473 333 2518 autem
348 2457 540 2538 requiescere
550 2457 636 2536 plani
651 2477 707 2518 non
722 2460 828 2536 potuit,
842 2460 978 2537 quippe

120 2537 224 2615 imago
237 2540 322 2598 navis
336 2541 496 2620 cujusdam
512 2539 548 2598 ad
567 2539 695 2598 insulam
708 2542 846 2616 appulsae
862 2543 978 2603 menti

120 2616 190 2698 ejus
204 2635 328 2692 semper
340 2621 563 2677 obversabatur.
595 2619 733 2677 Mentem
748 2620 842 2695 igitur
856 2621 978 2684 denuo

120 2694 294 2755 conscendit
321 2699 399 2766 unde
426 2715 476 2755 ora
502 2697 815 2774 orientalisseonspici
844 2715 981 2774 posset,
1021 2713 1022 2776 p

78 2842 81 2849 Ι
119 2773 251 2852 cumque
267 2776 303 2831 ad
328 2793 483 2834 summum
500 2776 698 2853 pervenisset,
713 2779 777 2834 acie
792 2781 978 2842 oculorum
1021 2785 1022 2836 t

58 2911 73 2932 ὑ
118 2855 265 2914 orientem
287 2856 392 2911 versus
415 2855 538 2923 directas
555 2859 631 2915 bone
660 2855 757 2939 Deus!
786 2855 982 2934 quimiile

117 2934 239 3021 paratus
257 2933 348 2990 simul
363 2947 453 3008 atque
469 2937 609 2994 attonitus
624 2935 689 2994 suit!
712 2954 819 2994 navem
835 2939 983 3002 scilieet

119 3027 318 3090 permagnam
331 3011 614 3092 conspicuumque
627 3017 800 3094 perspicue,
810 3017 871 3080 etsi
884 3022 984 3096 satis
