2068 3278
342 227 497 270 nostusou
520 226 697 270 onusosus.
899 219 937 270 87

5 323 7 396 J
103 317 194 378 modo
206 337 239 378 se
248 317 341 379 tutids
350 319 527 396 firmiusque
539 319 677 388 muniret;
687 327 777 396 etque
788 321 843 378 hoc
854 320 939 382 brevi

106 401 301 476 excogitavit,
316 399 385 458 edm
401 400 468 457 inde
479 411 571 457 totam
583 400 738 474 regionem
750 399 846 458 oculis
856 421 938 460 com·

5 537 6 542 χ
104 482 300 554 plecteretur.
344 479 454 538 Statuit
477 478 607 555 primdm
629 479 708 536 fosse
733 481 792 538 late
816 483 936 557 altoque

5 559 10 572 ¹
100 559 289 618 domicilium
311 560 444 636 cingere,
470 559 545 634 palis
565 559 758 617 validioribus
782 561 877 634 septe,
900 581 935 620 nc

5 697 6 700 ,
101 639 209 696 deinde
224 639 321 697 rivum
337 659 392 698 non
408 641 512 716 procul
536 640 572 695 ab
588 639 757 696 habitaculo
770 651 935 700 scatentem

103 717 143 775 ito
156 719 289 776 dividere
305 732 338 778 ut
354 722 446 778 altera
461 738 529 794 pars
543 720 572 778 in
587 717 675 787 fosse,
700 719 793 776 alters
807 737 862 794 per
872 740 935 779 me·

102 797 186 856 dium
198 801 307 857 atrium
321 800 439 868 flueret,
454 818 489 858 ne
500 795 642 876 unqusim‚
654 797 806 856 obsidione
819 797 935 860 cinctus

102 895 192 954 squae
208 878 306 952 inopis
315 881 470 938 laboraret.

103 1037 164 1095 Hic
181 1036 251 1096 verd
268 1037 337 1096 edm
360 1057 425 1096 rem
440 1039 539 1114 aliqud
560 1057 599 1096 ex
622 1050 706 1114 perte
727 1039 936 1115 intellexisset,

5 1141 6 1176 l
103 1117 140 1174 ad
155 1118 238 1176 littus
259 1119 408 1192 procurrit
429 1131 518 1195 atque
532 1120 600 1176 inde
615 1117 717 1176 retulit
731 1120 811 1176 varia
827 1119 935 1181 instru-

5 1227 7 1268 ;
100 1211 202 1256 menta
216 1195 353 1256 fodiendo
364 1211 442 1274 epta,
458 1201 585 1256 conchas
601 1197 698 1256 silicet
713 1217 844 1274 magnas
862 1201 936 1277 lapi·

5 1279 6 1286 ’
100 1277 215 1354 desque
227 1281 328 1353 planos
338 1289 368 1336 et
378 1289 491 1337 acutos.
512 1277 596 1338 Tum
606 1280 693 1336 ambo
703 1297 781 1354 opus
789 1277 935 1340 inchoant.

140 1356 209 1415 Jam
224 1358 392 1434 intelligere
415 1359 488 1417 satis
509 1358 697 1435 inpromptu
718 1371 765 1420 cst
788 1361 844 1418 hoc
860 1379 936 1438 quo·

52 1491 54 1496 .
99 1454 159 1512 que
174 1439 300 1496 arduum
323 1439 426 1496 luisse.
462 1437 555 1496 Fossa
570 1438 709 1505 cnim‚ut
725 1450 805 1499 esset
821 1439 970 1512 idoneam
1026 1469 1029 1502 τ

99 1512 154 1574 seri
170 1519 282 1591 pedum
297 1518 494 1585 altitudinem,
516 1527 584 1576 octo
599 1515 670 1578 reri>
688 1519 874 1578 latitudinem
889 1539 935 1578 ro·
1028 1543 1029 1546 ¹

101 1597 247 1675 quirebat.
288 1596 366 1675 Ejus
394 1609 493 1655 autem
522 1597 677 1674 longitudo
704 1598 857 1675 octoginta
886 1602 934 1659 uel
1028 1631 1029 1646 t

17 1702 21 1707 ·
100 1689 224 1742 centum
238 1697 344 1753 passus
359 1695 426 1735 esse
442 1677 605 1752 videbatur.
643 1678 731 1736 Adde
745 1679 813 1736 illos
827 1678 936 1740 instru-

102 1758 212 1814 mentis
225 1757 341 1826 ferreis,
356 1758 465 1836 ligone,
475 1759 579 1832 spathe
590 1755 707 1833 penitds
718 1774 830 1816 cerere.
856 1759 936 1819 Palis

103 1853 225 1912 quoque
235 1836 460 1914 quadringentis
474 1837 535 1896 lere
544 1855 621 1913 opus
632 1849 705 1907 eret,
726 1856 802 1913 quos
817 1842 876 1898 una
889 1857 936 1898 se-
1028 1867 1029 1878 ¹

102 1917 168 1974 curi
194 1917 297 1974 silicea
317 1929 455 1992 coaptare
477 1931 507 1976 et
529 1935 704 1993 praeecuere
719 1935 767 1974 res
782 1931 844 1979 erat
866 1937 935 1992 pro·

99 1991 180 2053 fecto
196 1999 282 2070 plena
296 2014 398 2072 operae
414 2009 443 2055 et
459 1999 576 2056 laboris.
620 1995 773 2058 Praetered
789 2009 821 2055 ut
835 1998 934 2058 rivum

101 2073 130 2132 in
151 2073 262 2134 fossam
284 2077 477 2143 deducerent,
501 2078 611 2142 canalis
632 2091 695 2136 crat
716 2094 771 2153 per
782 2079 934 2138 tumulum

99 2157 264 2231 quomdam
279 2155 488 2232 interpositum
504 2157 669 2217 fodiendus.
689 2201 690 2206 η

143 2236 254 2312 Neque
270 2245 378 2302 tamen,
400 2239 469 2296 licet
491 2240 629 2296 omnibus
652 2237 696 2296 his
711 2236 934 2297 difficultatibus

101 2314 327 2374 circumventus
344 2317 494 2374 Robinson
509 2314 526 2376 si
542 2319 694 2394 proposito
704 2316 865 2377 deterritus
880 2330 932 2378 est.

99 2395 203 2452 sobrie
219 2413 339 2474 quoque
356 2397 474 2458 vivendi
487 2417 584 2474 genus
598 2409 629 2456 et
644 2415 754 2474 eorpus
769 2399 869 2455 labore
879 2417 934 2457 cx·
989 2439 991 2448 .

100 2475 223 2536 ercendl
245 2479 430 2536 consuetudo
444 2477 576 2538 animum
591 2479 620 2536 ei
637 2477 799 2544 addiderat,
813 2495 873 2556 quo
887 2497 936 2537 ca·

5 2615 7 2626 ,
100 2573 167 2614 rere
190 2555 210 2613 ii
235 2557 331 2613 solent
350 2557 402 2632 qui
424 2557 452 2614 in
473 2557 533 2616 otio
555 2557 684 2626 educati,
704 2558 821 2618 deliciis
843 2571 932 2636 atque
1028 2623 1029 2632 χ

99 2635 227 2693 mollitie
239 2635 387 2694 diffluunt.

141 2716 244 2772 Ambo
265 2714 407 2775 nimirdm
422 2717 494 2775 socii
510 2715 527 2775 ri
542 2736 663 2776 summo
678 2735 764 2776 mone
778 2735 876 2792 usque
897 2719 934 2776 sd
1028 2731 1029 2776 ἶ

99 2811 262 2870 vesperam
284 2814 341 2852 non
362 2797 452 2854 alecti
474 2795 572 2856 minds
592 2796 682 2874 qdam
698 2811 821 2856 strenuo
835 2797 933 2854 animo
1028 2819 1029 2864 3

99 2876 187 2950 operi
216 2874 400 2934 incumbunt.
444 2876 559 2935 Mirum
587 2877 687 2954 itaque
711 2889 855 2952 quantum
886 2878 932 2934 vel
1028 2913 1029 2928 ,

98 2952 306 3012 instrumentis
326 2954 415 3031 qudm
438 2955 561 3014 minimd
583 2958 661 3032 aptis
681 2957 777 3034 adjuti
797 2957 826 3013 in
851 2955 931 3018 diem
1028 3009 1029 3034 ἒ

99 3033 292 3113 profecerinn
306 3051 362 3094 nec
378 3053 434 3114 per
447 3037 524 3097 duos
535 3053 655 3097 menses
665 3037 831 3106 continuos,
845 3045 908 3094 ve·‘
