2068 3278
101 149 156 200 100
354 157 512 200 nostusos
534 158 707 200 unusonus.

95 249 195 312 nentia
221 247 331 308 vident.
373 247 478 306 Macte
506 267 592 324 puer,
614 251 655 308 ait
678 251 829 306 Robinson
847 252 931 312 socio

96 329 211 390 sedenti
225 329 253 387 in
276 331 373 404 prore,
396 331 482 387 vultu
507 332 543 386 ab
568 330 663 387 insuta
686 349 805 394 averso.
831 346 931 392 macte

96 411 204 480 animo,
226 411 309 468 adest
332 409 399 468 finis
424 410 582 476 malonun.
623 410 742 482 Quibus
764 410 816 468 vix
839 409 932 472 etiaim

94 491 194 559 dictis,
209 509 305 550 novus
320 487 417 548 subiti)
432 503 462 574 et
484 489 581 566 major
595 489 718 564 pristino
735 504 833 548 terror
845 491 933 552 incu-

93 571 175 640 titur;
199 574 310 646 scapha
327 571 406 628 enirn
435 583 497 628 tarn
524 573 718 628 vehementer
739 584 805 628 aeta
826 585 883 638 est,
897 585 933 632 ut

94 651 184 710 ambo
196 652 332 726 remiges
346 650 468 710 sedibus
481 650 510 707 in
525 649 659 708 infimam
675 654 795 727 seephae
811 665 932 728 partem

95 733 335 790 deturbarentur.
378 731 433 788 Illa
445 728 566 806 repenti
582 731 673 790 haesit
687 731 717 790 in
729 733 815 802 vado,
829 733 932 794 undis·

94 829 154 888 que
168 823 273 889 operta
286 825 332 870 est
347 809 525 886 superfusis.

154 1132 303 1194 curua
326 1131 587 1192 vtuus1nuu
610 1130 873 1194 sscuunuu.
946 1111 950 1120 “

93 1295 184 1354 Anto
206 1293 222 1350 ἒ
245 1296 423 1363 pustulosa
443 1294 832 1363 exaestuare-neaeram
845 1299 931 1352 imu-

130 1378 201 1444 lm,
232 1377 350 1430 hortum
375 1373 931 1434 cozunr.-1²acamur.-Jraeanc.-

123 1456 461 1518 ,Venantum-Novam
471 1461 532 1512 iter
544 1455 720 1525 mactantur.

131 1616 296 1674 Rosiusos
310 1612 467 1672 celerrime
482 1632 568 1674 remo
589 1612 717 1675 fundum
739 1631 828 1692 aque
843 1631 930 1674 seru·

92 1706 182 1761 tatur.
223 1695 327 1766 Quem
337 1692 408 1752 eum
418 1694 490 1752 satis
501 1695 625 1754 firmum
634 1695 807 1766 invenisset,
817 1711 945 1771 aquam.

89 1774 164 1838 veri
188 1775 305 1833 duobus
331 1776 443 1832 tantum
459 1775 587 1850 pedibus
600 1777 701 1845 sltem,
726 1773 840 1834 tincae
862 1791 930 1834 sea·

92 1859 154 1934 phi
166 1873 199 1914 se
211 1853 340 1932 projicit.
382 1856 496 1928 Briday
514 1855 651 1930 sequitur
661 1865 691 1912 et
700 1855 929 1932 amboaliquan·

88 1937 184 2012 tieper
197 1933 365 1993 confirmati
379 1947 458 2004 sunt,
471 1932 543 1992 curn
557 1933 831 1994 animadverterunt
842 1951 928 2011 eym-

89 2019 159 2076 bam
177 2015 205 2073 in
219 2017 317 2085 areni,
329 2033 385 2075 non
399 2015 428 2072 in
447 2032 523 2072 saxo
546 2015 673 2074 haerere.
713 2015 799 2074 Turn
813 2014 929 2074 viribus
1022 2067 1023 2070 ,

90 2096 259 2175 conjunctis
274 2095 355 2152 illam
372 2095 471 2152 levare
486 2092 584 2169 enque
595 2093 754 2170 impellere
765 2095 817 2154 ubi
828 2093 928 2173 major
1022 2087 1023 2097 ’

91 2188 155 2236 erat
168 2193 256 2252 aquae
271 2175 405 2232 altitudo.
448 2173 539 2246 Quod
553 2191 593 2232 ex
608 2185 678 2234 voto
688 2175 788 2233 cessit.
831 2175 928 2234 Neris
1021 2177 1022 2184 ’

89 2257 203 2334 quippe
226 2255 275 2330 agi
296 2254 409 2330 incipit,
423 2257 573 2330 amboque
588 2255 617 2313 in
637 2273 706 2314 eam
727 2252 834 2314 rurstie
855 2271 927 2313 con·

97 2337 280 2396 scenderunt

132 2417 223 2493 Aqui
245 2414 350 2492 igitur,
370 2413 514 2491 quantum
535 2413 675 2473 rnsnibus
689 2415 846 2492 remisque
860 2413 930 2474 fieri

89 2497 197 2574 potuit,
207 2498 364 2565 exhausta,
380 2493 499 2554 cautius
512 2512 605 2570 agere
620 2511 779 2570 coeperunt
789 2509 927 2554 contrae-

88 2588 181 2653 teque
195 2578 262 2632 velo
277 2575 370 2632 remis
381 2574 496 2636 tantum
513 2575 566 2643 uti,
577 2588 611 2634 ut
628 2593 734 2634 navetn
751 2572 865 2634 cerritis
879 2592 928 2632 re·

90 2667 206 2735 gerent.
228 2655 371 2711 Attamen
387 2674 441 2729 per
451 2669 579 2731 quatuor
592 2658 678 2714 horas
692 2657 837 2734 integras,
846 2655 928 2712 mui-

90 2748 141 2794 tus
150 2735 234 2792 labor
246 2732 322 2808 ipsis
333 2735 527 2792 exsudandus
539 2733 597 2793 fuit
611 2748 645 2794 ut
660 2735 750 2794 finem
766 2751 928 2794 arenarum
1019 2739 1020 2831 1

88 2817 329 2890 assequerentur.
371 2814 507 2872 Tandem
523 2816 598 2874 mari
621 2817 715 2874 libero
731 2814 813 2892 potiti
830 2814 927 2872 onini-

87 2894 206 2970 busque
222 2891 336 2950 viribus
362 2892 474 2950 connisi
496 2896 533 2951 ad
554 2895 683 2954 insulam
705 2899 830 2954 tendunt
849 2909 925 2970 quae

91 2970 151 3038 iam
166 2976 260 3049 prope
281 2980 348 3030 ante
362 2973 467 3031 oeulos
489 2983 564 3045 erat,
584 2987 615 3034 et
635 2973 696 3053 qui
711 2973 837 3052 propitia
852 2992 924 3050 apes
1018 3035 1019 3048 2
