2068 3278
360 196 517 239 noarusos
540 195 713 238 onusonua.
913 189 951 242 9⁹

113 338 122 348 ,
159 285 277 348 Verum
302 285 380 346 enim
409 285 481 346 vero
503 284 576 345 cdm
596 285 659 364 jam
683 285 824 345 mortales
844 287 951 349 animis

116 367 271 436 deficiunt,
299 365 369 426 edm
395 370 522 426 suntab
549 366 630 424 omni
653 383 707 440 sne
721 367 865 437 destituti,
881 386 952 428 runc

116 449 196 506 aima
210 447 340 505 numinis
355 448 538 523 providentia
553 447 590 505 iis
605 446 785 521 praesentius
801 449 951 508 auxilium

117 535 208 604 atque
220 527 401 601 insperatam
413 519 540 586 salutem
555 528 664 585 afferre
681 529 766 584 solet.
801 530 951 586 Robinson

117 606 184 683 ipse
197 611 364 666 exhaustus
375 613 498 666 remum
510 624 601 679 agere
616 605 754 670 desierat,
765 605 835 666 edm
851 606 950 670 subitd

117 688 328 746 animadvertit
343 690 484 762 scapham
499 705 591 746 cursu
605 685 677 744 ferri
690 703 746 744 non
761 697 822 744 tam
837 688 951 763 rapido,

116 779 250 826 nectam
266 767 419 826 turbidum
441 778 524 826 mare
539 785 606 830 esse
661 765 768 825 Μοκό
789 767 951 842 superficie

119 848 267 906 undarum
283 845 423 922 intelligit
437 845 549 905 flumen
565 864 603 904 eo
622 847 689 904 ioco
710 847 801 904 dividi
817 850 894 906 haud
911 863 951 908 te·

117 927 248 1004 qualiter
260 927 487 1002 maximamque
508 926 577 1006 ejus
589 937 705 1002 partem
721 927 756 984 ad
772 930 952 1002 septentrio·

116 1025 190 1068 nem
217 1003 367 1066 incitatids
388 1005 470 1074 ferri,
489 1008 612 1064 alteram
635 1005 797 1064 tardiorem
811 1010 871 1082 qui
887 1027 952 1071 sca·

117 1089 177 1165 pha
202 1105 280 1146 nunc
302 1085 420 1147 vehitur
449 1085 606 1144 reflectere
628 1103 660 1144 se
675 1098 705 1143 et
727 1099 900 1146 convertere
915 1088 952 1149 ad

117 1166 287 1226 meridiem.
329 1165 396 1226 Jarn
426 1165 592 1224 incredibili
616 1165 719 1226 iaeritit
744 1165 952 1240 perfusus,so·

118 1245 200 1305 cium
226 1245 431 1304 exanimatum
446 1247 559 1304 excitat
575 1246 620 1304 iris
642 1248 750 1308 verbius
771 1245 876 1304 Macte
891 1247 952 1308 ani-

106 1341 180 1392 tuo,
201 1329 324 1399 Fridoy,
347 1329 411 1384 vuit
428 1327 583 1385 Deusnos
608 1328 683 1384 bene
704 1326 838 1402 sperare!
861 1340 952 1405 atque

106 1424 190 1466 'eum
205 1407 294 1482 docet
308 1408 385 1464 unde
400 1409 474 1464 hanc
490 1407 518 1465 in
534 1425 620 1482 spem
636 1407 783 1464 adductus
798 1407 845 1465 sit.
867 1407 951 1467 Tum
1009 1455 1012 1462 .

117 1488 207 1546 ambo
218 1505 319 1545 remos
329 1483 428 1543 denud
443 1486 589 1562 arripiunt
601 1503 677 1562 quos
689 1499 813 1562 propter
826 1485 953 1548 infirmi·

116 1578 210 1627 tatem
224 1563 310 1624 anteri
324 1566 505 1644 abjecerant.
545 1565 613 1624 Ioni
628 1566 710 1623 dulci
720 1579 810 1641 atque
822 1566 953 1642 inopina·

105 1647 150 1706 td
180 1645 285 1704 saiutis
306 1663 360 1720 spe
383 1645 523 1712 recreati,
544 1645 574 1705 ri
596 1647 717 1704 summi
736 1660 768 1702 et
787 1645 955 1709 incredibili

117 1721 262 1786 adversus
283 1724 397 1784 flumen
417 1726 555 1788 nitentes,
577 1725 638 1785 iaeti
659 1725 898 1784 animadvertunt
910 1730 953 1786 la·

103 1807 223 1865 ·borem
236 1823 325 1863 suurn
340 1823 398 1863 non
410 1824 477 1863 esse
488 1805 614 1864 irritum.
657 1806 808 1861 Robinson
823 1807 874 1881 qui
887 1808 952 1866 diu·

103 1888 206 1946 ’turni
219 1887 367 1944 malorum
382 1886 596 1944 exercitatione
616 1884 759 1944 didicerat
780 1885 953 1946 nihilomit·
1028 1939 1029 1948 ,

116 1976 194 2035 tere,
223 1979 345 2024 ventum
375 1985 496 2042 quoque
520 1984 598 2024 nunc
620 1965 788 2024 secundnm
803 1983 871 2024 esse
891 1968 952 2026 ani-

116 2047 286 2105 madvertit.
330 2043 495 2120 Extempld
511 2049 612 2105 velum
628 2045 781 2122 expandit;
805 2043 952 2124 brevique
1028 2067 1029 2070 ¹

116 2139 184 2186 turn
209 2139 306 2196 vento,
336 2139 402 2184 tum
429 2126 491 2183 acri
514 2125 645 2202 remigio
666 2125 798 2198 impona
819 2126 848 2186 in
867 2143 951 2186 mare

115 2205 314 2282 tranquillum
330 2207 440 2281 scapha
454 2207 551 2264 delata
566 2219 619 2263 cst.

160 2288 272 2360 Friday
295 2303 359 2362 prae
375 2285 485 2360 gaudio
508 2286 608 2344 exsilit
622 2284 776 2344 dominum
790 2288 951 2359 amplexu·

116 2385 180 2426 rus.
224 2369 279 2424 iile
307 2364 379 2424 vend
401 2383 472 2423 eum
495 2367 611 2442 rogavit
633 2378 665 2423 ut
687 2364 814 2424 nimium
836 2366 950 2424 laetitiae
1028 2397 1029 2402 κ

115 2447 267 2521 impetum
295 2447 459 2512 cohiberem
482 2463 647 2520 superesse
665 2445 776 2521 aliquid
798 2449 950 2522 agendum

116 2537 149 2584 et
166 2531 222 2585 troc
248 2527 371 2603 quidem
399 2544 456 2583 non
485 2525 649 2591 mediocre,
669 2527 764 2583 donec
793 2538 892 2582 essent
912 2526 952 2583 ab
1028 2537 1029 2540 ’

67 2677 72 2682 ¹
115 2600 200 2664 omni
216 2608 351 2682 periculo
366 2607 432 2664 tuti.
475 2602 521 2662 no
537 2605 729 2680 nequeenim
745 2605 774 2663 in
789 2608 883 2666 altum
899 2607 951 2664 de·

116 2687 200 2745 vecti
225 2684 343 2744 inerant
357 2698 389 2744 ut
404 2687 543 2754 insulam,
557 2702 613 2742 ceu
629 2697 772 2760 punctum
789 2685 909 2762 aliquod
920 2684 949 2744 in

116 2769 259 2826 extrema
272 2777 357 2840 parte
370 2779 531 2833 remotum,
547 2767 676 2824 obscure
690 2766 909 2842 conspicerent.

159 2845 243 2904 Dum
255 2845 297 2902 sic
309 2847 398 2903 anino
407 2845 520 2923 ingenti
532 2847 683 2904 alacritate
695 2847 853 2920 remigant,
865 2854 950 2904 vento
1028 2867 1029 2918 5

117 2927 252 2984 secundo
266 2925 390 3000 impulsi
402 2929 437 2984 ad
448 2944 514 2984 earn
531 2925 636 2986 insuiae
647 2941 762 3002 partem
771 2941 840 3001 quae
852 2926 950 2982 orien-
1027 2933 1029 2976 r

116 3017 183 3072 tem
197 3016 323 3082 spectat,
334 3001 419 3066 brevi
430 3007 576 3066 montium
588 3005 744 3065 cacumina
754 3004 862 3065 curaris
876 3021 905 3064 er
927 3004 934 3016 ’
1028 3003 1029 3007 ’
