2048 3288
312 207 471 250 aomusou
489 207 666 250 eausosus.
795 217 797 224 ·
868 199 906 254 73

71 309 125 370 ret,
139 311 172 366 ut
197 299 313 374 sylvula
336 301 442 356 natura
464 296 560 372 potitis
586 297 676 375 quim
703 310 767 358 arte
789 301 907 361 consite

70 381 235 438 videretur.
275 377 359 436 Tum
382 379 486 436 statuit
501 379 579 436 viam
602 381 827 438 subterraneam
852 400 907 457 per

71 462 247 518 cuniculum
275 477 378 534 agere,
402 461 438 517 ab
466 459 527 517 ima
549 462 695 534 speluncis
717 462 753 518 ad
778 463 907 520 alterum

69 541 182 598 montis
197 541 286 608 latus,
300 551 343 606 ut,
358 551 486 615 urgente
507 539 698 607 necessitate,
719 543 841 599 haberet
863 541 906 600 ef·

1 643 2 650 ¹
69 619 202 696 sugium.
244 619 459 694 Quodquidem
482 637 560 694 opus
585 619 642 677 fuit
666 621 768 696 m'agni
789 633 820 678 et
840 622 905 680 diu·

71 700 154 758 turni
180 701 298 768 laboris3
322 697 396 756 adei
418 711 451 757 ut
478 697 495 756 a
516 703 633 774 cymbae
657 699 847 758 fabricatione
869 705 906 761 ad

69 791 195 855 tempus
207 777 327 836 omnimi
342 780 508 838 desisteret.

112 860 164 917 Sic
179 861 231 918 ille
245 861 368 936 quidem
385 861 455 916 satis
467 872 553 917 tutus
567 860 623 918 sibi
636 861 790 920 videbatur
801 864 837 920 ab
847 861 904 920 im·

70 953 145 1018 pecu
162 941 327 1016 repentino.
370 939 453 1011 Quid
468 938 553 997 verb?
576 944 601 998 si
625 944 718 999 hostis
739 943 838 1012 instet,
853 946 905 1000 ob·

71 1021 246 1096 sidioneqoe
268 1024 400 1078 cinctum
426 1019 536 1076 teneat?
579 1023 688 1096 Neque
711 1025 766 1079 hoc
795 1041 904 1082 vanum

70 1117 195 1176 prorsus
220 1112 284 1158 erat
308 1112 359 1157 aut
379 1099 475 1167 futile;
496 1103 615 1176 quippe
638 1105 717 1176 quod
746 1103 903 1177 aliquando

71 1179 140 1238 fieri
162 1192 271 1256 posset.
313 1181 417 1256 ltaque
432 1197 556 1238 necesse
577 1199 644 1238 esse
658 1180 806 1258 judicavit
820 1194 852 1242 ut
872 1201 905 1240 se

72 1263 220 1318 adversus
236 1263 313 1318 hunc
330 1279 434 1319 casum
449 1261 591 1332 muniret,
611 1279 649 1318 ne
676 1259 755 1319 lame
780 1276 830 1320 aut
852 1281 904 1338 pe·

72 1342 147 1398 riret
162 1350 212 1397 aut
227 1344 263 1398 ad
285 1341 466 1398 deditionem
482 1343 726 1416 compelleretur.
768 1342 904 1414 Quamo-
941 1391 944 1400 i

71 1423 157 1478 brem
171 1423 273 1478 statuit
288 1439 376 1478 unam
393 1417 474 1478 certe
497 1424 606 1478 lamam
628 1440 698 1496 quae
721 1425 797 1478 lacte
813 1425 903 1481 abun*-

71 1503 157 1558 daret
179 1501 209 1558 in
231 1501 306 1558 atrio
333 1499 477 1558 domicilii
502 1519 632 1568 servare,
654 1515 742 1576 atque
765 1504 800 1558 ad
829 1505 903 1559 hanc

71 1583 206 1638 alendam
220 1579 292 1638 foeni
308 1597 453 1638 acervum
470 1581 636 1654 sepositum
653 1583 760 1644 babere
783 1593 821 1638 'ex'
843 1601 905 1657 quo

70 1662 155 1730 nibil,
178 1661 234 1718 nisi
258 1664 590 1728 necessitateeoactus,
617 1663 795 1719 detraheret.
838 1662 901 1718 De·

71 1755 190 1798 cretum
216 1753 261 1798 est
274 1757 395 1816 quoque
410 1740 500 1810 casei,
515 1759 674 1816 pomorum
689 1756 720 1798 et
734 1755 904 1800 ostrearum
960 1781 961 1784 η
1022 1739 1023 1774 ³

70 1821 190 1900 copiam
207 1837 321 1896 parare,
334 1837 425 1896 quam
440 1821 477 1876 de
487 1820 536 1878 die
545 1821 573 1877 in
589 1823 667 1878 diem
682 1835 845 1879 renovaret.

112 1901 233 1974 Quibus
253 1903 293 1958 ita
320 1901 481 1975 dispositis,
505 1903 657 1956 Robinson
678 1903 792 1977 aliquot
813 1919 904 1962 annos

69 1980 163 2040 vitam
192 1981 266 2039 vixit
286 1982 360 2038 adeo
381 1980 571 2056 tranquillam
594 1979 632 2038 ut'
648 1981 719 2038 nihil
736 1991 903 2039 tncmoratu

69 2061 198 2138 dignum
214 2061 407 2120 eiaeciderit.
439 2060 538 2136 Igitur
552 2062 588 2118 ad
601 2079 666 2118 rem
680 2061 761 2118 illam
775 2080 903 2136 propero
916 2095 919 2100 Δ

40 2157 42 2160 ’
69 2159 142 2216 quae
157 2144 192 2198 ad
207 2142 449 2198 commutandam
464 2139 533 2218 ejus
548 2141 745 2198 conditionem
771 2144 841 2216 plus
852 2161 902 2200 va·

70 2221 128 2280 luit
142 2218 234 2297 quam
249 2221 395 2298 quidquid
410 2223 469 2277 buc
485 2237 582 2296 usque
597 2220 625 2276 ei
641 2221 815 2297 contigerat.

111 2300 192 2359 cum
216 2302 368 2357 Robinson
391 2314 475 2356 mane
490 2302 619 2374 quodam
635 2319 739 2358 sereno
753 2301 781 2357 in
797 2303 903 2376 cymbd

68 2379 243 2440 fabricanda
257 2391 338 2438 esset
359 2392 535 2456 occupatus,
549 2397 693 2456 magnum
708 2377 725 2436 e
740 2381 903 2457 longinquo

67 2460 190 2519 sumum
221 2459 432 2518 ascendentem
460 2457 558 2518 subitb
581 2463 748 2536 conspexit.
799 2459 902 2523 Primo

69 2543 194 2617 quidem
210 2555 335 2615 aspectu
347 2543 510 2614 obstupuit,
522 2559 591 2597 mox
601 2555 702 2598 autem
718 2541 754 2598 acl
769 2553 902 2600 montem

69 2623 225 2697 speluncae
241 2619 445 2679 imminentem
469 2617 559 2694 quaim
588 2617 744 2677 celerrime
760 2621 904 2691 cucurrit,

68 2719 192 2759 causam
208 2702 251 2758 rei
265 2700 332 2758 inde
347 2701 567 2775 speculaturus.
599 2699 660 2757 Ubi
675 2698 805 2775 primum
818 2719 903 2759 mon·

67 2795 134 2840 tem
148 2781 330 2848 conscendit,
350 2778 459 2858 majori
487 2777 576 2837 eiiam
599 2797 670 2837 cum
695 2792 810 2837 terrore
833 2799 901 2836 con·

69 2861 173 2936 spexit
195 2861 326 2937 quinque
349 2859 510 2934 scaphulas
528 2861 557 2916 in
572 2859 670 2918 littore
685 2860 835 2934 religatas,
850 2857 901 2916 tri·

69 2943 154 3018 ginta
167 2955 268 2999 autem
284 2937 424 2997 barbatus
437 2939 590 3015 ingentem
606 2941 685 3014 apud
700 2937 812 3004 iocum,
824 2935 902 2994 truci

69 3031 173 3098 gestu,
195 3029 286 3097 atque
310 3018 459 3078 incondito
474 3020 606 3077 clamore
628 3022 890 3090 cnorum‘sgentes

439 3114 461 3154 e
