2066 3282
318 217 473 258 noar-usos
488 217 656 272 causosus.
857 206 910 261 llb

141 311 205 370 llas
231 309 316 384 leges
340 308 463 382 scriptas
492 307 643 380 Hispanus
667 307 695 364 in
721 308 911 366 vernaculum

100 407 268 446 sermonem
295 387 388 444 vertit.
430 387 498 460 Quo
514 385 605 451 facto,
626 385 675 444 illc
696 396 725 442 et
748 389 870 444 calamis
884 397 913 444 ct

98 478 262 525 atramento
276 465 438 532 instruitur,
454 479 484 524 ut
499 467 657 539 populares
670 463 737 564 ejus
751 485 857 524 numen
872 467 912 524 le·

98 547 188 623 gibus
202 546 356 620 propositis
372 545 454 638 priris
469 544 662 610 subscribant,
677 541 764 635 qualm
781 543 913 618 proficis·

98 637 211 682 caretur.
251 625 333 688 Tum
361 625 472 684 viaticis
476 625 613 700 scspbae
636 622 792 714 impositis,
806 627 914 698 magna

98 722 167 760 cum
182 705 291 778 pietate
306 702 470 762 valedicunt
487 705 645 758 Robtneom'
659 702 797 777 socioque
809 705 912 760 etvels

95 780 247 842 faciunt.

140 862 198 920 His
215 862 352 936 peractis,
360 864 519 928 Robinson,
532 859 639 918 comite
655 862 776 932 Friclay,
790 862 912 920 domum

97 942 229 998 venando
243 941 327 998 redit.
370 942 428 998 Sed
442 954 498 997 nnn
519 939 605 1014 longd
629 952 821 1014 processerat,
842 939 911 1000 eum

97 1019 177 1076 canis
191 1021 271 1078 stetit
285 1023 392 1078 latrans
406 1021 441 1076 ad
462 1020 552 1076 imam
573 1035 677 1094 rupem
697 1019 824 1076 arbustis
844 1039 912 1078 con·

96 1099 193 1156 sitam.
236 1101 392 1156 Accedunt
418 1099 504 1156 ambo
532 1095 654 1170 propids
681 1096 855 1173 biatumque
882 1100 911 1158 in

95 1194 170 1253 rupe
192 1178 414 1252 deprehendunt
432 1175 506 1236 aded
527 1189 641 1238 arctum
655 1186 687 1232 ut
701 1177 842 1250 irrepere,
856 1197 911 1238 non

94 1253 166 1315 verb
190 1257 304 1328 ingredi
326 1267 453 1329 possent.
495 1257 650 1312 Robinson.
667 1255 780 1314 socium
800 1268 911 1318 tentare

6 1395 7 1398 ,
92 1333 183 1412 jussit
204 1353 274 1392 num
290 1354 343 1410 per
357 1335 466 1393 bialum
478 1334 568 1392 istum
580 1347 679 1408 posset
694 1352 726 1392 se
738 1333 910 1395 immittere.

94 1413 159 1486 Qui
173 1428 262 1488 caput
278 1433 347 1474 cum
360 1415 411 1472 vix
422 1414 613 1492 admovisset,
628 1415 772 1474 horrendo
781 1417 910 1476 clamore

94 1495 227 1560 retraxit,
255 1493 387 1568 nihilque
411 1496 581 1548 Robinsom's
604 1493 830 1550 admonitionem
859 1514 910 1554 cu·

93 1573 417 1640 sansanctissimae
440 1570 565 1645 aufugit.
595 1569 739 1632 ,Tandem
762 1576 908 1631 Robinson

93 1667 163 1713 eunt
183 1665 338 1710 assecutus
359 1667 479 1710 causam
498 1650 581 1726 fugae
596 1665 689 1722 rogate
732 1651 813 1711 Heu!
836 1654 905 1718 beul

93 1732 250 1804 respondet
271 1733 393 1801 bradan,
418 1727 579 1802 fugiamus!
602 1740 766 1788 monstrum
791 1735 909 1790 horren·

93 1809 164 1866 dum
182 1810 253 1878 vidi,
266 1809 379 1884 ingens,
400 1809 568 1870 ardentibus
582 1809 686 1874 oculis,
701 1807 836 1871 laticibus
847 1825 908 1874 lau·

91 1888 130 1950 tia
144 1901 175 1948 ut
188 1907 242 1946 nos
256 1891 343 1947 ambo
358 1889 446 1948 simul
457 1889 614 1946 absorbere
629 1889 730 1963 possit.

132 1967 239 2026 Ebem!
264 1970 412 2024 Robinson
437 1966 559 2042 excipit,
576 1967 678 2026 fauces
699 1967 769 2026 satis
793 1972 907 2045 amplas

91 2046 175 2116 dicia
198 2058 325 2106 attamen
350 2047 414 2121 ipse
437 2063 500 2102 rem
521 2049 691 2122 explorabo
732 2048 760 2104 0
779 2049 906 2122 domine,

90 2129 241 2190 exclamat
268 2129 389 2198 Frirluy,
404 2126 439 2184 ad
460 2125 594 2200 pedes
567 2145 635 2202 epis
657 2129 839 2200 provolutus,
853 2147 906 2202 per
977 2127 979 2129 ’

90 2205 192 2264 Deum
215 2215 244 2262 te
271 2208 404 2271 obsecro;
426 2205 499 2262 absit
514 2215 546 2262 ut
567 2207 622 2260 boc
649 2205 748 2274 liciam
770 2218 799 2264 te
824 2227 905 2266 mun·

89 2295 168 2344 trum
192 2285 264 2342 illud
292 2284 445 2360 deglutieu
467 2284 643 2356 tum-miser
664 2285 905 2356 Ftt'daydomino

88 2365 209 2422 orbatus
231 2364 295 2424 erit.
338 2366 484 2420 Robinson
513 2364 667 2421 subridens
688 2364 856 2440 interrogat,
869 2384 904 2426 sn

87 2443 153 2518 ipse
165 2445 201 2500 ab
215 2443 266 2499 illo
277 2444 435 2500 devoratus
446 2441 544 2502 luerit.
585 2440 663 2500 Crim
678 2444 786 2514 Friduy
801 2445 904 2504 obmu-

89 2533 228 2591 tesceret,
255 2522 338 2580 illum
356 2523 500 2578 Robinson
516 2525 638 2578 domum
656 2521 746 2598 jussit
760 2523 904 2594 festinare,

89 2611 121 2660 ut
144 2603 311 2675 lampadem
325 2619 478 2660 accensam
502 2613 659 2675 quaereret.
702 2601 770 2675 Ipse
785 2604 901 2662 interim

87 2682 124 2738 ad
141 2681 312 2756 speluncam
328 2697 464 2736 reversus
487 2682 619 2754 sclopeto
640 2693 780 2748 armatus,
800 2685 836 2740 ad
856 2701 903 2740 os·

86 2760 162 2820 tium
179 2778 210 2814 se
223 2761 357 2815 collocat

128 2839 249 2896 interim
267 2841 378 2908 Frr'day
393 2853 460 2894 cum
476 2839 610 2912 lampade
633 2840 717 2908 redit,
738 2803 902 2898 dominum·

86 2933 147 2992 que
172 2915 282 2972 iteratis
306 2917 441 2989 precibus
461 2927 532 2984 orat,
554 2935 590 2974 ne
611 2918 696 2974 morti
719 2933 807 2976 certae
824 2918 901 2976 ultrd

82 3014 120 3054 se
138 2991 265 3072 objiciat:
288 2997 436 3050 Robinson
451 3007 551 3053 sulem
564 2997 616 3071 qui
634 3015 665 3054 re
686 2998 804 3055 deliber
799 3001 844 3056 ub
866 2997 934 3066 ti·
