2068 3278
131 221 184 274 tos
332 255 335 262 ·
367 233 521 276 nonmeorr
542 235 714 279 onueoeus.

123 321 257 460 {ii-'³⁵⁵⁸
271 323 308 382 ad
323 341 356 382 se
371 323 507 382 tenderet
538 321 617 394 Qoae
632 335 733 382 temen
749 341 820 402 spes
831 341 902 384 eum
917 327 959 386 le·

165 412 302 544 'i'tandem
326 498 485 562 postquam
509 483 588 560 ignis
601 501 657 559 per
670 503 762 544 unam
776 483 839 542 ferd
856 487 961 548 noram

125 579 250 633 arserat,
263 563 332 624 etim
349 567 430 624 nulla
444 565 473 622 in
488 574 651 638 conspectu
666 567 776 640 scapha
789 578 881 632 esset,
894 570 961 623 Frl-
1027 527 1028 604 i

110 645 185 713 vclay
210 644 289 704 ultrei
307 649 470 702 Robinsoni
484 646 608 720 spondet
623 663 655 700 se
671 645 835 714 adnarem,
856 665 961 722 quam·

125 721 173 782 vie
192 725 310 804 longius
332 727 431 794 distet,
451 727 576 782 natando
598 737 827 800 perventurum,
848 743 961 804 eosque
1023 729 1028 810 ‚l

124 813 177 882 qui
193 809 222 866 in
237 811 273 866 eal
290 811 438 874 vehuntur
451 804 644 862 invitaturum
659 817 692 862 ut
706 807 743 864 ad
763 805 897 864 insulum
911 827 962 865 ec·
1027 861 1028 864 ,

124 893 240 950 cedant.
257 889 488 944 Robinsoneum
499 887 670 959 amplexus,
682 897 791 942 eratne
803 904 835 943 se
846 890 962 946 temere
1013 947 1019 958 ,

122 970 262 1048 periculo
282 965 424 1046 objectet,
444 965 497 1022 sed
517 963 616 1040 potitis
638 965 707 1023 vitae
730 983 795 1024 suae
816 967 961 1026 consulat.

123 1051 209 1110 Tum
226 1051 339 1120 Fridcy
355 1043 489 1104 vestesd
511 1045 654 1122 stragulis
676 1045 827 1104 confectus
847 1045 962 1124 abjicit,

123 1129 312 1204 viridemque
335 1145 453 1184 ramum
476 1127 615 1183 avulsum
638 1126 725 1182 dente
748 1135 852 1184 tenens
868 1145 962 1202 quern

123 1229 180 1288 pro
195 1211 280 1284 signo
294 1208 377 1284 pacis
391 1191 506 1273 oderat,
528 1205 556 1262 in
577 1223 660 1262 mere
674 1207 766 1263 alacri
781 1205 880 1264 auimo
893 1225 962 1282 pro·
1027 1215 1028 1280 l

123 1292 196 1350 silit.
236 1290 327 1346 Hunc
351 1290 501 1344 Robinson
523 1285 621 1342 oculis
639 1285 778 1362 votisque
791 1287 965 1347 ardentissi-

123 1371 184 1430 mis
198 1379 377 1446 prosecutus
393 1378 448 1425 est.
845 1391 853 1418 >
883 1415 886 1422 .

165 1453 279 1522 Friday
301 1447 430 1506 feliciter
450 1446 487 1504 ed
508 1463 614 1504 navem
637 1445 776 1514 accessis
798 1455 864 1505 tum
880 1460 963 1524 post·
1027 1441 1028 1462 ¹

124 1551 216 1610 quam
231 1548 287 1587 non
303 1531 399 1586 semel
415 1545 482 1584 earn
497 1525 754 1592 circumnatassct‚
770 1528 892 1586 sustulit
903 1531 965 1588 cla·
1027 1531 1028 1602 l

123 1630 252 1678 morem3
269 1611 322 1666 sed
335 1605 497 1666 reddituri
511 1606 638 1689 pemine.
662 1605 799 1663 Tandem
811 1605 882 1665 edm
898 1627 965 1668 sea·
1027 1613 1028 1656 1

124 1693 185 1750 lam
208 1690 459 1748 animadverteret
480 1683 497 1743 ai
518 1684 601 1743 navis
624 1688 717 1742 latere
733 1687 967 1761 dependentem,
1027 1685 1028 1756 l

123 1770 207 1830 illius
221 1787 278 1846 ope
293 1785 398 1827 nucem
413 1765 593 1824 conscendit.
637 1765 719 1823 Tum
734 1779 850 1842 stegam
865 1768 965 1828 oculis

82 1865 88 1872 “
124 1853 320 1927 perlustrans,
334 1858 458 1923 aspectu
472 1847 579 1903 bestiae
595 1844 704 1922 ignotae
720 1849 886 1906 exterritus
907 1860 965 1908 est.

126 1932 227 2008 Nigra
242 1942 272 1988 et
287 1929 392 1987 villosa
406 1938 478 1984 erat.
513 1929 617 2002 Atque
631 1926 681 1983 ubi
697 1924 828 2000 primurn
844 1929 896 1986 illa
911 1931 965 1988 ho·

125 2013 240 2070 minem
251 2009 418 2084 conspexit.
430 2025 536 2065 vocem
548 2005 676 2080 prodidit
688 2007 810 2082 qualem
825 2005 877 2065 ille
888 2027 967 2068 nun·

126 2109 218 2168 quam
229 2089 369 2148 audieret.
393 2087 470 2146 Mox
481 2101 582 2144 autem
595 2087 697 2152 tacuit,
709 2085 844 2163 adedque
856 2089 968 2148 mitem

127 2189 160 2228 se
175 2171 305 2246 praebuit
317 2169 516 2243 blandamque
532 2181 565 2223 ut
587 2167 726 2224 timorem
743 2169 856 2241 Fridcy
871 2171 969 2246 depo-

126 2262 220 2310 neret.
262 2251 398 2324 Supplex
417 2265 537 2324 quoque
552 2247 603 2305 illa
617 2247 744 2322 edrepit,
759 2250 887 2306 caudam
901 2267 969 2307 mo·

33 2389 36 2412 p
127 2349 201 2389 vens
221 2329 493 2404 miserabiliterque
515 2327 632 2404 ejulans
653 2328 740 2402 quasi
761 2329 914 2386 auxilium
938 2340 972 2387 et

127 2411 306 2488 praesidiuns
319 2409 503 2483 imploraret.
527 2409 632 2482 ltaque
646 2405 715 2464 edm
731 2426 829 2483 usque
844 2410 881 2465 ad
896 2409 972 2488 ejus

127 2493 221 2567 pedes
249 2489 459 2564 prompsisset,
477 2505 548 2570 ectu
575 2489 689 2558 Friday
710 2505 800 2546 manu
824 2489 971 2548 mulcere

127 2571 227 2636 audet,
241 2571 424 2646 quoquidem
439 2567 491 2625 illa
504 2565 632 2624 mirifice
648 2569 746 2626 laeteta
758 2580 812 2626 est.

166 2649 251 2707 Tum
275 2651 387 2720 Friclay
409 2657 527 2724 elegam
554 2647 729 2722 pererravit,
749 2649 811 2706 ans
831 2667 908 2706 voce
923 2650 974 2709 in·

127 2728 263 2804 deusque
287 2731 428 2795 clamans
450 2745 540 2784 nemo
561 2739 663 2784 autem
679 2745 711 2783 se
725 2729 842 2784 obtulit.
882 2727 973 2788 Cum

127 2807 225 2874 omnia
241 2820 376 2882 stuperet
390 2824 459 2881 quae
475 2807 503 2863 in
519 2809 606 2882 stege
618 2808 715 2866 oculis
737 2805 806 2885 ejus
821 2825 974 2866 occurre·

126 2889 206 2955 bant,
220 2889 307 2944 dorso
321 2887 357 2943 ad
374 2889 475 2943 locum
489 2905 550 2962 quo
562 2898 642 2962 patet
653 2887 681 2944 in
694 2887 869 2945 interiorem
880 2889 974 2947 nevis

126 2976 245 3044 partem
261 2968 424 3024 descensus
448 2984 547 3034 verso,
569 2966 690 3041 repente
706 2964 723 3025 d
737 2979 825 3044 tergo
839 2985 975 3042 percus·

127 3059 181 3107 sus
199 3042 258 3104 tuit
276 3053 358 3105 teuto
377 3044 452 3118 ictu,
471 3056 505 3105 ut
527 3063 640 3124 pronus
661 3047 790 3108 caderet.
831 3047 975 3107 Terrore
