2048 3288
112 221 149 272 ot
267 263 270 272 ,
350 230 511 276 nontaceri
532 211 702 272 oausoaue.

112 326 227 390 berent,
241 339 383 397 saporem
397 317 470 378 verb
482 321 746 399 jucundissimum,
761 320 815 379 toti
825 322 940 380 comedi
1021 317 1022 346 ³

82 412 90 432 ·
111 414 256 478 poterant.
301 403 399 460 Arbor
422 403 488 476 ipsa
501 403 631 460 multum
643 400 801 460 ,dissimilis
817 412 879 458 erat
893 420 941 460 co·

113 500 219 540 cossae.
262 484 332 540 Non
355 483 435 540 enim
459 483 564 540 trunco
589 480 702 539 tantum
723 483 876 538 constabat
890 481 941 558 qui

112 563 249 638 erigitur,
264 563 520 638 quemadmodum
537 579 671 629 cocossa,
684 579 740 618 nec
754 561 786 618 in
803 580 941 624 coronam
1021 577 1022 628 ι

111 660 291 734 magnorum
318 641 459 700 foliorum
482 644 611 715 superne
629 641 748 709 desinit;
781 643 834 698 sed
861 653 942 699 erant
1015 637 1022 673 ·’

112 721 181 798 ejus
203 722 278 780 rami
291 723 427 797 ‚foliaque
453 721 538 796 quasi
552 733 720 781 nostrarum
736 723 876 778 arborum
891 739 940 796 po-

111 801 297 860 miferarum.
339 799 447 860 Postea
468 799 616 874 comperit
632 799 769 856 arborem
792 819 859 857 eam
874 819 941 858 esse

30 876 32 881 ’
112 899 202 957 qnam
219 881 382 955 pandoram
395 877 760 957 appellamus,propteress
774 881 852 956 quod
864 880 943 938 fruc-

112 972 162 1019 tus
177 961 245 1038 ejus
260 963 307 1018 vel
321 962 416 1028 crudi,
439 961 485 1019 vei
501 961 676 1018 comminuti
688 972 778 1034 atque
789 961 943 1032 depsendo

113 1041 238 1109 subacti,
253 1041 384 1099 barbaris
395 1041 567 1098 bominibus
577 1041 674 1098 vicem
690 1040 775 1114 panis
791 1052 942 1114 praeatant.

154 1119 234 1178 cum
249 1121 510 1188 animadvertisset
531 1120 613 1177 illius
625 1123 739 1178 arboris
750 1133 891 1178 truncum
907 1123 942 1178 ab
1014 1177 1019 1186 ,

113 1219 173 1258 uno
189 1204 280 1258 latere
302 1201 364 1278 jam
382 1202 489 1257 leniter
502 1219 570 1257 osae
586 1210 776 1270 excavatum,
790 1200 943 1258 existima·
971 1237 975 1254 .

114 1282 158 1339 vit
171 1299 237 1336 esse
253 1284 370 1354 cymbae
396 1279 590 1338 conficiendae
613 1280 766 1348 idoneum,
778 1281 945 1338 dummodo

113 1359 213 1417 excidi
238 1379 272 1417 ac
298 1359 417 1434 penitus
440 1359 582 1418 excavari
604 1372 716 1452 poscet.
760 1361 793 1416 Si
814 1359 886 1417 verb
897 1379 945 1417 ar

112 1441 217 1500 berem
231 1452 293 1497 tarn
310 1441 414 1498 utilem
431 1439 589 1509 exciderit,
611 1441 743 1496 incertus
757 1439 822 1515 ipse
838 1459 873 1496 an
889 1440 946 1498 eibi

113 1517 246 1596 unquam
262 1522 400 1612 cymbam
413 1521 600 1596 contingeret
613 1519 682 1576 inde
694 1518 851 1577 fabricare?
864 1498 1019 1578 Haec⁴

114 1601 257 1672 cogitans,
275 1603 441 1658 exterritus
457 1614 512 1668 est,
535 1600 681 1674 baesitque
703 1600 782 1656 diu
775 1617 860 1674 inops
876 1619 946 1658 con·

113 1679 182 1736 silii.
225 1682 367 1736 Attamen
392 1685 457 1737 loco
471 1679 585 1738 arboris
598 1689 706 1751 notato,
728 1680 838 1736 dubius
854 1681 948 1738 animi

114 1759 238 1816 domum
257 1760 426 1816 revertitur.

155 1841 236 1896 inter
251 1840 448 1906 redeundum,
469 1841 580 1916 quod
569 1861 633 1920 jam
656 1843 707 1900 diu
722 1854 888 1916 optaverat,
902 1843 948 1900 ni·

112 1920 186 1976 dum
213 1919 331 1992 psittaci
356 1919 475 1976 invenit.
518 1921 642 1979 Τιιιιι
617 1922 865 1998 circumspiciens
886 1927 951 1998 qua

113 2013 198 2075 parte
214 1997 355 2056 facillime
377 2000 477 2056 locum
501 2001 622 2068 invadit,
643 2005 760 2062 accedit
782 2004 858 2076 pede
879 2023 950 2060 sus·
1021 2041 1022 2058 ι

115 2097 216 2152 penso.
260 2078 413 2150 Vigilabat
429 2093 524 2137 rostro
538 2078 625 2140 extra
638 2083 742 2140 nidum
758 2084 950 2176 prominente
1017 2079 1022 2124 i

113 2172 210 2216 mater
232 2159 323 2232 pullis
343 2159 496 2229 incubans,
509 2173 539 2218 et
560 2164 595 2219 ad
619 2177 777 2254 aspectum
793 2162 950 2222 inusitatae
1021 2159 1022 2164 '

113 2237 220 2297 formae
235 2239 346 2314 aliquid
363 2241 434 2297 mali
448 2241 608 2317 suspicata,
618 2261 716 2314 acrerp
725 2244 886 2300 oculorum
901 2263 950 2301 ar-

114 2319 231 2395 rigebat
246 2320 282 2376 ad
299 2321 479 2392 periculum.
512 2323 663 2382 Robinson
678 2323 792 2380 scandit
806 2341 861 2398 per
875 2326 953 2382 den-

115 2398 248 2456 sissimas
263 2397 391 2464 frondes,
405 2402 543 2458 manibus
557 2401 688 2458 retinens
711 2402 849 2478 virgulta.
886 2403 955 2462 Sed

114 2496 175 2554 quo
161 2476 310 2571 propius
325 2481 523 2540 accedentem
531 2481 628 2554 prodit
639 2483 785 2577 strepitus
795 2482 956 2553 foliorum,

114 2555 151 2614 cb
182 2559 279 2634 magis
302 2562 457 2618 crescebat
479 2561 649 2620 sollicitudo
665 2563 779 2622 matris.
822 2563 873 2621 Ac
897 2565 956 2621 de·

113 2655 200 2694 mum
214 2639 305 2694 homo
326 2641 419 2710 adest,
432 2659 618 2718 manumque
633 2643 724 2700 nido
716 2643 820 2721 injicit.
864 2645 957 2702 Avo-

113 2718 166 2774 lat
163 2730 274 2785 mater,
288 2720 404 2776 avolant
421 2721 536 2778 adulti'
525 2741 589 2800 Jam
604 2723 772 2792 validiores;
794 2741 874 2782 unus
889 2743 959 2783 cae·

90 2797 187 2854 *teris
203 2797 313 2854 tardior
328 2801 442 2857 haeret
435 2819 464 2858 ιιι
479 2803 635 2870 manibus;
652 2805 804 2860 Robinson
820 2805 958 2862 domum

113 2889 263 2952 properat,
274 2877 395 2936 hilarior
406 2877 497 2954 quam
508 2899 533 2938 ει
524 2879 718 2942 'thesaurum
733 2896 839 2942 nactus
854 2896 957 2942 esset.

155 2959 237 3016 'lum
254 2959 350 3016 redux
365 2957 455 3035 quaint
479 2961 673 3020 solertissime
701 2977 801 3038 potest
823 2981 959 3022 caveam

114 3039 279 3112 concinnat,
289 3039 320 3098 in
336 3042 396 3116 qua
410 3041 561 3116 hospitem
574 3059 688 3105 novum
702 3047 841 3103 collocet.
865 3043 960 3116 Qua·
