2048 3288
322 192 479 234 ROBIUSON
501 192 673 234 URUSOEU&
878 185 912 240 Η

83 285 244 366 solitudine
255 281 391 344 eximere
401 301 492 361 quant
506 285 748 361 graviorrmerat
758 299 917 362 expertus,

81 383 122 424 ex
140 384 202 442 quo
215 365 293 441 ignis
309 383 401 424 usum
415 365 567 422 amiserat.
609 366 639 422 N
642 383 678 422 ec
692 370 808 424 temere
822 369 915 427 conti·

80 461 204 504 nentem
225 444 380 504 Americae
396 445 474 503 haud
496 446 603 520 procul
619 447 725 504 abesse
746 451 915 524 auguraba·

79 536 142 584 tur.
185 525 296 584 Statuit
311 538 425 594 autem,
444 523 471 582 si
485 523 575 582 modd
597 527 774 601 scaphulam
796 528 851 586 sibi
864 547 916 604 pa·

79 611 151 664 rare
172 616 284 681 posset,
297 603 409 682 spretis
429 604 570 663 omnibus
590 605 746 680 periculis,
765 607 916 666 continen-

78 695 145 744 tem
162 696 277 761 petere.
319 681 402 744 cum
425 695 522 742 toturn
536 701 570 742 se
585 683 656 742 huic
681 687 806 745 consilio
826 689 916 748 tradi·

78 764 187 837 disset‚'
200 763 350 846 procurrit
366 759 526 841 aliquandd
540 764 578 822 ad
590 764 763 842 eligendam
778 768 916 828 arborem

77 843 173 924 cujus
187 851 313 904 truncus
326 843 357 902 in
371 843 499 902 formam
513 846 631 920 cymbae
652 857 818 906 cararetur.
848 849 916 908 Hac

76 938 182 1004 mente
197 928 265 985 loca
277 925 418 984 nonnulla
431 925 616 1002 perlustrans
626 943 696 1003 quae
716 929 848 986 nondum
871 927 916 987 in·

77 1004 202 1077 viserat,
213 1003 476 1081 ‘rariaignotarum
488 1006 656 1080 plantarum
667 1022 778 1083 genera
790 1009 915 1080 detexit,

77 1084 112 1144 in
132 1087 243 1163 quibus
256 1085 411 1146 constituit
424 1084 635 1160 experimenta
648 1084 749 1144 facere
763 1099 796 1145 ut
807 1087 915 1148 intelli·

78 1181 169 1244 geret
182 1183 219 1226 an
239 1165 277 1226 iis
297 1183 421 1245 quoque
434 1164 518 1226 vesci
532 1176 643 1242 posset.
686 1167 769 1224 luter
782 1167 840 1226 alia
852 1167 915 1228 fru-

76 1245 157 1306 tices
170 1248 328 1306 nonnullos
342 1245 454 1306 invenit
466 1245 610 1305 frumenti
621 1245 727 1317 ludici,
742 1249 822 1325 quod
834 1249 915 1326 apud

76 1343 134 1386 nos
148 1327 284 1387 triticum
298 1325 481 1395 Tuunrousr
494 1327 641 1402 appellari
656 1328 743 1384 solet.

121 1407 255 1467 Miratus
268 1406 320 1466 ille
338 1407 492 1483 spicarum
507 1406 746 1482 magnitudinem
760 1406 789 1465 in
805 1407 915 1484 quibus

79 1485 173 1565 supra
186 1487 316 1552 ducenta
338 1504 431 1563 grana
450 1485 545 1544 denso
568 1485 672 1544 ordine
694 1498 808 1546 structa
821 1499 915 1558 erant,

77 1587 137 1627 non
151 1567 298 1627 dubitarit
312 1583 421 1644 panem
435 1583 476 1622 ex
497 1563 536 1622 iis
556 1563 665 1624 confici
690 1583 788 1642 posse.
829 1565 915 1640 Quo·

16 1657 19 1674 ¹
77 1646 170 1707 modd
184 1660 287 1707 autern
308 1663 401 1724 grana
422 1643 585 1704 moliturus
604 1645 682 1704 erati
706 1645 859 1722 quomodd
871 1645 915 1707 fa·

77 1727 174 1786 rinam
185 1725 307 1787 furfure
327 1722 526 1804 purgaturus?
555 1723 708 1802 quomodd
726 1728 846 1785 tandem
862 1744 914 1802 pa·

77 1825 150 1868 nem
164 1807 232 1868 inde
247 1818 400 1875 cocturus,
415 1803 486 1864 curn
500 1803 604 1882 ignem
621 1807 814 1864 desideraret.
857 1805 914 1864 Ni·

78 1887 242 1948 hilominus
255 1898 357 1947 tamen
371 1885 486 1962 aliquot
497 1885 597 1960 spicas
610 1887 678 1944 inde
693 1897 799 1946 secum
813 1887 914 1946 abstu-

77 1967 123 2038 lit,
136 1986 269 2046 quarum
282 1975 376 2046 grdna
389 1975 515 2024 sereret=
537 1965 662 2038 Quidni,
676 1965 717 2024 ait
730 1966 781 2024 ille
796 1983 914 2038 secum,

78 2047 147 2110 fleri
161 2047 255 2124 possit
269 2057 305 2106 ut
316 2065 357 2106 ex
377 2045 417 2106 iis
429 2044 562 2121 aliquam
578 2046 652 2106 olim
667 2045 828 2105 utilitatem
843 2064 912 2122 per·

77 2127 107 2188 ci
129 2127 203 2190 iam?

16 2209 19 2218 '
107 2146 228 2269 ¹’Posted
239 2207 311 2269 rerd
323 2205 437 2284 reperit
445 2223 567 2282 quoque
581 2207 719 2265 arborem
732 2201 914 2284 frugiferam

76 2288 107 2348 in
134 2307 228 2366 quam
248 2291 336 2349 antei
356 2305 413 2346 non
434 2285 590 2346 inciderat.
632 2287 781 2362 Capsulas
796 2305 914 2346 crassas

77 2371 243 2445 pendentes
259 2369 342 2439 vidit,
362 2384 491 2446 quarum
514 2383 606 2426 unam
621 2365 692 2426 cum
706 2367 914 2443 confregisset,

78 2449 238 2526 sexaginta
252 2448 376 2508 circiter
395 2449 479 2506 fabas
498 2445 621 2507 invenit.
662 2446 812 2520 Quamvis
827 2465 913 2523 sapo-

77 2545 144 2588 rem
157 2529 327 2608 jueundum
342 2529 372 2588 in
386 2527 425 2587 iis
439 2545 497 2587 non
519 2527 769 2604 deprehenderet,
782 2538 913 2588 attamen

77 2625 170 2668 unam
184 2627 224 2668 ex
238 2609 276 2669 iis
286 2626 356 2690 quae
371 2609 427 2670 sibi
440 2607 587 2668 maturior
601 2607 664 2668 risa
677 2619 734 2678 eat,
748 2613 831 2684 perae
847 2627 912 2670 suae

77 2689 246 2750 commisit.
288 2689 382 2748 Erant
396 2689 472 2749 labae
487 2704 682 2761 ososorrcn,
704 2687 722 2747 ὲ
735 2690 846 2766 quibus
860 2705 913 2762 po·

78 2777 129 2830 tus
141 2788 343 2832 osoaorrous
357 2781 489 2846 paratur.

20 2887 22 2892 ,
118 2849 259 2909 Tandem
273 2852 414 2910 arborem
426 2849 581 2926 ingentem
602 2849 658 2908 sibi
681 2844 805 2924 prorsus
828 2845 914 2918 igno·

76 2959 77 2962 ¹
95 2903 140 2986 in
155 2927 278 2999 invenit,
291 2932 383 3010 cujus
409 2927 527 2991 fruetus
540 2947 636 2988 nuces
648 2942 783 2986 cocossae
797 2921 914 2997 magni·

51 3008 184 3086 ,tuone
208 3012 376 3090 aequabant
417 3010 569 3083 Quicum
590 3006 745 3086 putamina
765 3001 880 3062 nullat

485 3106 506 3152 r
