2068 3278
366 35 377 60 S

319 217 474 260 nonrnsorr
494 203 668 258 ouososus‘.
734 217 747 240 ⁸
853 206 903 258 139

87 309 217 386 quandiu
241 309 269 368 in
282 307 389 378 insuli,
403 327 472 366 cum
486 311 545 366 tuis
559 325 672 382 paream
693 307 797 366 deinde
812 319 854 376 ut,
879 310 905 368 si

87 407 192 446 navem
220 403 300 446 tuam
327 389 376 446 tibr
392 389 547 446 restituere
573 388 643 444 mibi
666 387 831 462 contigerit,
856 405 905 444 me

5 535 6 540 ἵ
87 469 275 543 meosquein
300 468 440 542 Anglism
468 469 599 523 revehes.
640 467 718 538 Quae
743 464 904 540 cumpre-

87 545 185 624 iectus
196 547 365 604 affirmando
380 544 571 621 promisisset,
586 558 649 602 tum
667 549 813 601 Robinson
828 552 905 604 sclo-

88 639 158 702 peto
172 643 321 702 quemque
337 626 493 699 gladioque
518 624 650 688 armavit,
671 627 707 682 ed
727 637 825 682 temen
837 643 904 684 cou-

86 704 196 761 ditione
211 716 241 762 ut
268 706 311 782 iis
324 723 411 762 nemo
429 715 495 760 ante
512 715 645 760 uteretur
655 700 745 778 quim
761 701 826 777 ipse
840 704 904 780 jus·

86 783 184 842 sisset.
225 783 375 841 Scelestos
391 781 530 848 homines,
544 783 695 846 additille,
710 801 813 839 snrnno
826 801 904 842 nunc

86 863 209 936 sopitos,
232 877 266 929 et¹
287 863 397 937 passim
416 861 549 939 jacentes
568 877 763 936 occupemos;
786 863 838 933 sed
860 862 904 920 in·

85 955 208 998 cruenta
222 943 259 999 sit
274 941 403 1000 victorie.
698 983 700 990 ,
886 971 889 978 Δ

128 1020 208 1078 Tum
224 1021 266 1076 illi
279 1022 332 1078 toti
343 1024 378 1078 ab
393 1023 473 1077 luctu
491 1019 570 1078 versi
585 1018 613 1076 in
630 1020 715 1085 irem,
728 1021 835 1078 durem
858 1037 905 1080 se-

86 1097 148 1158 culi
163 1113 239 1160 sunt,
255 1101 364 1172 Fridoy
381 1101 502 1174 laqueos
515 1098 624 1172 quibus
638 1099 679 1156 illi
694 1099 776 1173 ligati
789 1096 905 1157 sueram

87 1177 340 1236 secumlerente.1
367 1178 435 1236 Jam
450 1179 485 1234 ad
507 1195 678 1251 proximum
700 1179 854 1241 secedunt,
875 1177 903 1234 in
931 1191 937 1202 ¹

85 1255 192 1314 faciem
209 1270 385 1328 prostratum
407 1273 435 1312 et
450 1275 552 1314 somno
565 1271 626 1313 tom
647 1256 706 1313 alto
725 1274 905 1332 oppressum

87 1349 129 1401 ut,
146 1337 279 1392 manibus
304 1335 487 1412 pedibusque
512 1335 626 1402 vinctis,
649 1353 683 1392 os
696 1335 724 1392 ei
748 1334 831 1408 pride
854 1338 905 1391 ob·

87 1417 248 1472 struxerint
263 1411 351 1490 quim
371 1413 486 1490 penitis
500 1428 695 1487 experrectus
709 1431 796 1472 esset.
839 1415 904 1472 Ma·

84 1494 172 1550 nibus
187 1491 204 1550 si
217 1509 302 1569 tergo
326 1495 474 1562 revinctis,
497 1494 524 1549 in
538 1495 644 1552 eodem
665 1505 742 1554 statu
764 1495 905 1552 immotus

85 1589 205 1629 manere
217 1571 349 1650 jubetur;
364 1573 424 1648 qui.
446 1573 471 1630 si
486 1578 531 1630 rel
547 1572 698 1629 minimam
718 1590 822 1629 rocem
844 1572 905 1630 edi·

86 1651 171 1718 derit,
183 1650 379 1729 jugulabitur.
421 1651 490 1722 Quo
504 1650 590 1714 facto,
606 1654 641 1708 ud
657 1653 822 1708 secundum
837 1669 904 1725 pro·

85 1743 196 1804 perant,
210 1749 298 1805 quem
314 1732 438 1805 ligatum
462 1730 570 1804 pariter
591 1729 729 1804 sopinum
751 1731 905 1799 collocant,

85 1809 200 1874 eadem,
223 1810 278 1866 nisi
294 1811 388 1877 sileat,
410 1809 591 1866 intentantes.
633 1808 671 1866 ln
690 1809 764 1886 jum,
787 1808 903 1866 favente

84 1905 227 1960 supremo
249 1890 300 1946 illo
322 1891 471 1946 scelerum
497 1887 621 1954 vindice,
648 1905 702 1944 sex
727 1888 754 1944 in
778 1889 903 1946 viuculis

84 1979 176 2032 erent,
190 1966 258 2024 crim
271 1967 411 2042 postremi
423 1969 482 2024 duo
493 1963 588 2023 subito
600 1967 769 2040 experrecti
781 1985 904 2042 surgen·

83 2056 190 2121 tesque
203 2064 285 2103 arms
298 2046 469 2120 corripiunt.
505 2045 533 2102 O
548 2065 598 2101 vos
612 2045 739 2123 scelesti,
753 2047 915 2121 exclamat·

8 2168 16 2184 .
83 2125 246 2188 Robinson,
259 2127 369 2182 cernite
384 2127 489 2192 socios,
503 2143 584 2181 arma
595 2124 724 2201 abjicite,
739 2136 840 2198 pereat
850 2123 902 2200 qui

83 2203 278 2262 cunctabitur.
321 2203 397 2262 Haec
412 2201 481 2260 etim
491 2201 672 2268 intonuisset,
683 2203 724 2260 illi
737 2203 842 2278 gladiis
852 2206 902 2262 ab·

14 2301 18 2310 ’
80 2279 171 2361 jectis
186 2283 214 2339 in
229 2301 325 2358 genua
348 2299 379 2338 se.
401 2293 596 2356 prosternere,
619 2281 828 2358 supplicesque
851 2284 902 2340 dc·

8 2407 13 2414 .
82 2361 146 2418 licti
160 2362 272 2418 veniam
286 2359 304 2420 i
317 2359 457 2436 praefecto
472 2373 582 2435 petere.
623 2361 723 2435 Atque
747 2362 791 2418 bis
812 2363 901 2422 etium

82 2457 188 2498 manus
208 2441 290 2496 nodis
302 2439 498 2514 implicantur.
540 2439 620 2496 Tum
647 2443 796 2496 Robinson
815 2441 902 2517 jubet

7 2587 8 2592 ἵ
81 2519 237 2576 universos
253 2537 283 2576 m
297 2521 469 2594 speluncam
484 2517 628 2582 contrudi,
641 2518 775 2594 ostioque
798 2521 901 2577 validis

7 2599 9 2628 ἓ
81 2601 221 2656 arborum
237 2599 325 2656 ramis
338 2601 499 2665 obstructo,
512 2585 628 2654 maniat
643 2598 800 2658 custodior
814 2601 901 2656 inter·

81 2675 200 2734 ficietur
214 2677 237 2732 si
252 2679 318 2751 quis
330 2679 492 2735 claustrum
507 2686 598 2736 tentat
614 2693 817 2752 perrumpere.
839 2677 900 2734 De-

79 2753 148 2812 inde
163 2756 235 2812 socii
255 2756 333 2814 lacto
345 2755 463 2831 agmine
477 2756 514 2814 sd
535 2757 675 2830 scapham
698 2774 730 2812 se
749 2755 901 2814 conferunt

51 2869 56 2877 ι
80 2851 172 2910 quom
187 2837 320 2892 vectibus
334 2835 458 2892 admotis
479 2835 507 2891 in
522 2834 635 2892 siecum
652 2837 831 2908 protrahunt,
852 2853 901 2894 cs·

80 2913 145 2970 riui
158 2913 261 2970 deinde
276 2915 433 2988 perforati.
475 2913 537 2970 Sub
550 2919 648 2970 boram
665 2926 729 2987 post
744 2913 901 2970 meridiem

79 2989 208 3063 unum,
220 3004 402 3052 tormentum
412 2995 429 3052 e
438 2993 507 3070 nuri
517 2991 698 3068 exploditur,
711 2993 746 3050 sd
761 3009 875 3052 revocor
