2048 3288
343 227 497 269 aosrnsos
519 225 690 270 onusoaus.
894 219 930 272 sb

56 359 60 366 ·
96 323 189 379 aretis
213 321 455 395 experimentum
478 319 588 377 facere.
629 319 826 396 Quiquidenr,
840 323 949 399 quan·'

3 407 11 488 '-
43 421 45 424 ·
95 419 192 478 quam
215 403 309 458 muita
336 403 468 470 deerant,
485 398 564 476 qudtl
592 400 698 458 ferreis
725 400 932 465 instrumentis

80 482 156 539 ¹attin
172 479 267 538 luerat
283 481 457 542 instructus.
473 493 603 538 attamen
619 481 691 539 satis
710 481 834 540 idoneus
850 483 932 542 visus

97 572 145 618 est
155 559 332 639 dejiciendis
346 561 460 627 avibus,
474 561 702 638 minoribusque
722 561 787 619 aliis
798 563 932 620 animali·

3 657 18 688 ’ν
98 642 165 699 bus.
209 641 320 717 Neque
343 640 486 698 dubitavit
513 639 615 697 foreu
656 641 806 698 bominem
832 641 931 702 ferum

3 727 5 742 '
95 721 285 796 nudumque,
301 721 326 780 si
351 721 472 796 quidem
496 721 568 786 satis
591 721 873 798 appropinquasset,
895 740 931 782 eo

98 801 232 878 graviter
246 815 328 860 esset
341 803 558 858 vulneraturus.

102 923 109 937 .
137 883 280 940 Attamen
292 881 394 956 pluvia
403 882 533 938 nondum
546 894 723 950 cessaverat,
734 881 797 944 sed.
812 882 931 942 duobus

3 1001 14 1034 ,
95 963 217 1019 tandem
233 961 344 1036 elapsis
360 961 523 1028 mensibus,
537 963 649 1019 coelunr
666 963 757 1034 coepit
770 961 931 1025 nitescere.

3 1107 5 1122 ί
40 1049 44 1060 ·
96 1041 190 1099 Nunc
216 1043 365 1097 Robinson
388 1041 518 1097 hiemem
537 1042 697 1098 adventare
714 1042 837 1112 putavit,
860 1041 930 1102 cnm

3 1151 4 1188 3
94 1119 160 1198 jam
175 1119 277 1179 contri
302 1122 396 1178 hiems
411 1131 516 1178 exacta
530 1134 620 1188 essen
644 1121 693 1178 rix
716 1121 779 1178 suis
793 1120 844 1179 ille
859 1141 931 1182 ocu·

98 1200 135 1260 lis
150 1199 241 1257 fidem
255 1202 364 1264 habuit,
380 1200 448 1258 edm
464 1201 544 1258 alma
561 1201 638 1257 veris
651 1202 679 1258 ri
699 1219 773 1258 nova
785 1202 931 1277 gramina,

4 1295 7 1300 '
97 1298 191 1338 novos
205 1280 304 1344 flores,
319 1299 411 1339 novos
425 1285 562 1337 surculos
576 1295 768 1357 emergentes
783 1295 930 1340 cerneret:
1017 1299 1019 1312 ⁴

3 1355 13 1424 ζ
97 1360 167 1419 Etsi
187 1357 308 1418 causam
325 1381 380 1419 non
395 1361 592 1436 intelligebat,
607 1379 656 1417 res
671 1373 770 1418 tannen
785 1373 849 1418 erat
863 1360 930 1420 ante

3 1463 15 1522 }'
96 1441 212 1498 oculos.
255 1441 321 1498 Hoc
334 1438 480 1514 profectd‚
493 1442 533 1498 ita
554 1459 587 1496 se
608 1441 674 1514 ipse
697 1441 866 1516 alloquitor,
879 1459 930 1500 me

2 1529 8 1549 ⁹
90 1521 126 1580 «in
142 1533 294 1594 posterum
309 1521 440 1579 monebit
453 1539 488 1576 ne
499 1521 663 1595 quidquam
671 1519 817 1598 rejiciam,
836 1519 928 1600 cujus

8 1649 11 1656 .
97 1601 242 1660 rationem
256 1601 355 1660 animo
370 1599 543 1678 perspicere
560 1617 716 1677 nequeam.

289 1925 436 1986 CAPUT
459 1925 749 1986 UNDECIMUM.

5 2109 6 2112 ¹
24 2139 27 2146 .
99 2079 226 2148 &smmis
248 2088 425 2148 Robinsonis
448 2087 660 2146 miseria-Ab
677 2088 797 2156 infectis
810 2087 928 2158 inserta-

6 2223 7 2226 ,
46 2231 49 2236 ,
75 2193 77 2197 ’
108 2243 110 2254 Ι
140 2171 343 2226 tum-Vestes
369 2189 410 2224 ex
425 2171 555 2238 pellibus
576 2170 630 2223 sibi
651 2169 929 2238 conficite-Incidit

24 2255 25 2258 ’
62 2251 67 2258 ’
137 2252 457 2326 ingravemmorbum.

5 2393 6 2396 Ἴ
85 2407 88 2412 ’
139 2411 302 2469 Armanas
326 2411 456 2468 multum
477 2411 579 2467 aberat
601 2419 635 2467 ut
657 2411 807 2464 Robinson
830 2407 929 2466 omnia

96 2492 223 2552 haberet
237 2507 305 2567 quae
317 2491 353 2548 ad
369 2491 482 2548 victum
497 2491 674 2565 cultumque
689 2489 758 2546 vitae
771 2489 928 2564 requirun-

13 2565 18 2572 ’
98 2584 158 2630 tur.
200 2570 317 2628 Omnes
346 2569 413 2649 ejus
432 2581 532 2630 testes
555 2587 611 2628 usu
634 2567 927 2628 diuturnoconttitae

5 2659 12 2684 '·
97 2651 280 2718 diffluebant,
307 2667 363 2708 nee
392 2651 463 2709 satis
491 2651 683 2724 videbarque
707 2649 817 2707 ratione
838 2665 929 2706 novas

6 2743 13 2764 *
96 2731 162 2790 sibi·
178 2731 348 2788 conficeret.
389 2732 453 2788 Cui·
465 2731 586 2806 quidem
602 2747 658 2786 non
675 2741 735 2786 tam
755 2742 856 2786 contra
877 2727 928 2784 iri·

6 2807 36 2876 fs
98 2811 182 2888 geris
203 2811 264 2869 vim
286 2811 420 2870 vestibus
441 2829 518 2884 opus
532 2819 605 2876 erat,
619 2808 709 2884 qnam
726 2821 757 2865 ut
781 2825 813 2864 se
835 2809 871 2862 ab
885 2805 928 2860 in-

6 2885 8 2956 Ῡ
98 2890 191 2949 sectis
205 2889 388 2960 defenderet,
401 2890 512 2966 quibus
526 2889 622 2946 insula
637 2887 812 2946 abundabat.
845 2883 928 2952 Quo·

21 3021 24 3026 .
68 2985 70 2990 ·
98 2981 168 3029 rttm
197 2970 346 3028 morsibus
368 2972 519 3026 Robinson
542 2968 783 3028 excruciabatur,
804 2961 929 3052 tumidi?

6 3129 7 3136 ἵ
95 3049 162 3109 'fere
188 3067 311 3127 semper
329 3049 467 3110 manibus
496 3047 653 3184 gqnisque.
700 3039 846 3114 Quanti*

495 3147 515 3186 n
