2068 3278
105 139 159 192 tta
358 153 508 194 noarueon
523 151 690 194 cuesouus,

102 243 197 318 patrio
211 259 346 299 sermone
362 243 509 300 hominem
525 244 699 319 alloquatur.
741 239 806 298 vix
818 250 918 300 autem

102 326 212 393 Frr'doy
242 322 391 396 captivum
419 323 583 395 conspexit,
611 341 682 378 cum
701 321 915 395 ,spectaculum

102 401 251 480 ejusmodi
272 402 438 458 insecutum
452 415 497 457 est
511 403 588 476 quod
605 403 755 456 Rodinaon
768 411 797 456 et
813 401 920 475 Hispa·

102 497 157 538 nus
171 499 226 536 non
242 481 304 537 sine
316 480 454 553 lacrymis
467 480 572 538 intueri
587 492 754 555 potuerunt.
796 480 919 538 Scilicet

102 561 214 632 Fridoy
239 560 335 618 subito
361 559 445 634 quasi
470 561 649 634 lymphatus,
671 559 700 616 in
727 559 837 632 capitivi
861 578 922 616 am·

103 641 213 713 plexus
227 642 390 715 protolare,
404 655 474 695 eum
489 639 627 705 osculari,
643 655 762 713 urgeret
783 641 923 708 clamare,

103 718 209 785 ridere,
230 722 374 787 exultare,
395 720 514 785 saltare,
537 716 621 784 flere,
642 735 746 774 manus
771 729 923 793 torquere,

102 796 209 854 faciem
224 811 253 856 et
276 811 381 873 pectus
400 798 510 856 foedare
531 795 718 872 interquue
740 798 922 866 exclamare,

102 891 251 934 amentem
277 877 403 954 denique
424 887 485 934 toto
500 876 598 934 habitu
612 875 733 935 referre.
774 875 836 934 Diu
851 895 924 953 quo·

102 973 160 1031 que
175 969 204 1014 ct
219 958 347 1014 multum
368 959 516 1012 Robinson
530 956 645 1014 eoelum
667 958 747 1032 pride
760 956 923 1032 interroga·

103 1035 145 1092 vit
159 1035 249 1112 quim
264 1038 314 1094 ille
330 1040 384 1094 hoc
405 1054 497 1094 unum
512 1037 641 1094 breviter
661 1036 780 1094 domino
800 1054 922 1112 respon·

102 1115 205 1173 disset.
225 1115 416 1191 patormeuol

143 1195 209 1253 lam
235 1194 305 1253 verd
326 1207 432 1254 cuncto
451 1195 559 1271 quibus
579 1196 711 1271 optimus
729 1193 810 1253 ille
801 1195 923 1273 juvenis

103 1271 237 1332 laetitiam
253 1277 453 1350 pietatemque
467 1276 637 1348 exprimere
653 1276 806 1349 gestiebat.
824 1276 924 1334 verbio

103 1371 192 1410 nemo
214 1355 412 1429 descripserit
454 1355 558 1412 Viciae
583 1355 633 1412 ille
656 1354 827 1428 decupla
819 1373 848 1412 ru
863 1369 922 1414 ter-

103 1451 176 1502 ram,
195 1433 330 1492 eterrd'
323 1453 352 1492 ιιι
367 1437 505 1509 scapham
527 1435 650 1508 prosilit.
693 1436 841 1492 Robinson
864 1433 924 1492 vini

103 1514 315 1588 aliquantulum
338 1517 416 1590 quod
437 1515 465 1571 in
486 1515 591 1590 lagena
611 1513 760 1588 reliquum
787 1515 922 1583 habebat,

105 1591 166 1649 filio
180 1594 276 1661 tradit,
300 1611 359 1668 quo
374 1594 464 1667 patris
485 1595 620 1650 membra
644 1593 786 1649 tumentia
816 1591 924 1650 foveat.

106 1672 186 1728 Tum
216 1671 371 1746 paululdm
399 1671 519 1728 secessit
534 1685 566 1728 ut
588 1674 698 1742 Fridoy
716 1669 837 1728 tiberius
858 1689 925 1730 sese

106 1763 200 1808 totum
214 1753 296 1808 daret
306 1751 427 1810 taeunae.

147 1835 192 1888 Ac
202 1829 351 1906 aliquante
364 1845 585 1905 postmoerium,
597 1831 759 1907 interrogat
772 1848 807 1889 an
820 1829 922 1888 cibum

105 1910 233 1985 aliquem
244 1913 322 1984 patri
339 1910 509 1982 praebuerit3
532 1923 595 1966 tum
619 1910 803 1983 respondenti
818 1928 850 1966 se
868 1909 924 1968 mi·

105 1988 182 2047 nimd
195 1989 290 2046 adhuc
312 1992 348 2045 dc
371 1991 425 2045 hoc
440 1989 596 2064 cogitasse,
612 1991 760 2044 Rodinron
787 1987 925 2066 jentacu-

105 2069 169 2125 lum
183 2087 271 2125 snum
284 2068 338 2143 ipsi
350 2068 446 2136 offert,
460 2069 537 2143 quod
552 2069 599 2125 hic
614 2071 688 2142 patri
699 2069 826 2125 tradidit.
839 2067 924 2126 Tum

106 2145 225 2222 repent&
240 2145 377 2222 &scapha
394 2147 537 2222 prosiluit,
551 2160 639 2222 atquc
653 2147 691 2206 ita
705 2148 844 2204 celeriter
858 2165 927 2222 pro-

106 2227 198 2284 currit
213 2241 244 2284 ut
256 2227 318 2304 jam
340 2241 424 2284 extra
438 2237 631 2302 conspectum
646 2239 725 2283 esset
736 2225 819 2300 pride
833 2225 929 2301 quam

105 2309 252 2364 Robinson
275 2325 345 2364 eum
372 2320 472 2382 posset
491 2307 682 2379 interrogare.
724 2305 798 2364 Mox
822 2319 931 2364 autem

105 2401 244 2444 reversus
263 2398 317 2455 est,
342 2389 429 2444 manu
448 2387 541 2443 altera
555 2401 681 2442 urceum
695 2403 780 2460 aquae
796 2386 933 2460 plenum,

105 2466 197 2521 attera
227 2484 331 2538 panem
359 2483 539 2539 caseumque
566 2465 814 2522 tenens.1llurn
840 2465 932 2537 patri,

104 2545 183 2600 hunc
202 2543 321 2600 domino
341 2543 466 2618 porrigit
488 2555 519 2600 ut
537 2543 722 2619 jentaculum
745 2563 804 2618 quo
825 2543 875 2600 ille
892 2561 926 2599 se

105 2619 327 2678 defraudaverat
349 2633 563 2692 compensaret.
605 2622 703 2679 Senex
725 2625 802 2698 aqna
825 2621 932 2698 gelida

104 2697 201 2756 subitd
217 2699 369 2756 'recteatus
388 2715 443 2766 eon
465 2701 577 2776 quippo
598 2702 651 2776 qui
665 2703 712 2760 titi
732 2700 928 2758 excruciatus

104 2777 132 2832 in
148 2795 184 2834 eo
198 2789 260 2832 erat
274 2789 305 2832 ut
326 2776 445 2849 prorads
458 2777 609 2838 ‹leliceret
830 2793 833 2799 ·

143 2856 210 2912 Jam
223 2857 370 2909 Robinson
380 2857 431 2912 od
427 2856 619 2936 Hispanum
611 2878 640 2916 ιιι
651 2859 785 2934 gramine
797 2871 932 2933 prostra-

90 2941 167 2994 ‚tum
190 2935 439 3008 languentemque
463 2952 496 2992 ee
517 2939 671 3010 convertit
692 2938 784 2998 istum
804 2954 930 3014 quoquc
