2024 3286
104 189 136 240 te
334 201 490 241 uoumsou
511 199 684 240 oausoeus.

100 303 192 368 gerat.
214 290 333 349 Gaudio
344 293 437 367 igitur
447 301 475 347 et
485 303 597 348 terrore
610 292 769 364 trepidans,
780 292 808 350 in
822 309 925 368 genua

98 373 268 445 procubuit,
287 373 482 446 manibusque
502 371 634 436 sublatis,
659 372 797 444 lacrymis
820 371 925 446 persu-

99 469 160 507 aus.
183 449 249 507 Deo
264 469 317 525 pro
333 453 436 508 salutis
450 451 594 508 miraculo
608 450 717 526 gratias
733 451 803 527 egit.
839 449 923 509 cum

98 527 169 586 verb
184 531 254 587 nibil
278 543 387 604 praeter
402 534 529 587 arbusta·
552 542 601 586 aut
616 531 736 586 arbores
757 532 924 604 depreben-

98 609 192 674 deret,
215 627 268 666 nec
292 615 353 667 ulla
376 611 500 684 vestigia
526 609 603 666 uude
628 608 796 684 intelligere
822 620 924 684 posset

99 689 173 744 hanc
190 690 341 760 regionem
355 693 390 746 ab
405 689 571 746 hominibus
585 689 682 755 incoii;
704 689 765 766 jam
783 689 923 764 gravissi-

98 785 182 823 mum
197 769 239 824 illi
254 769 409 825 videbatur
423 768 512 824 vitam
526 768 567 823 sic
582 768 610 823 in
626 769 782 825 soiitudine
799 769 923 844 degere.
987 765 990 774 ’

99 845 189 902 Venit
203 865 322 922 quoque
339 849 366 903 iu
381 860 511 904 mentem
527 865 594 902 esse
614 845 688 903 forte
704 860 845 921 vagantes
859 850 923 904 bel·
993 873 994 918 ,

98 925 173 989 luas,
188 943 236 982 aut
249 926 326 982 fetos
339 927 482 993 homiuem
498 939 562 983 tum
575 924 668 983 mutto
681 926 787 1004 majori
800 928 922 984 horrore
993 943 994 996 ᾗ

97 1008 321 1078 perculsusest:
334 1007 434 1082 itaque
447 1003 576 1080 primum
589 1007 764 1080 praetimore
775 1024 828 1063 nec
841 1017 922 1064 stare

97 1101 189 1140 ausus
203 1103 258 1140 nec
274 1086 422 1161 progredi,
445 1086 697 1158 circumspectam
717 1086 814 1142 omnia
828 1097 857 1141 et
872 1086 922 1142 vel

98 1164 221 1220 minimo
235 1167 360 1238 strepitu
383 1181 592 1239 expavescere.
637 1164 696 1240 Sed
711 1183 782 1221 mox
797 1167 855 1240 qua
876 1183 923 1220 ar-

35 1243 42 1268 ‘
97 1242 183 1300 debat
209 1243 272 1300 sitis
293 1258 442 1319 torporem
468 1243 559 1300 istum
575 1244 717 1311 excussit3
738 1263 827 1319 quam
850 1243 923 1301 etim

97 1321 207 1378 diutius
221 1324 346 1380 tolerare
360 1341 416 1380 non
430 1334 540 1398 posset,
560 1322 670 1380 sontem
695 1334 745 1380 aut
766 1324 864 1380 rivum
879 1323 923 1380 in·

81 1401 209 1477 ,degere
233 1401 334 1476 coepit,
358 1402 444 1460 etsie
466 1403 622 1478 vestiganti
644 1403 775 1459 occurrit
801 1421 922 1460 manans

97 1493 152 1554 per
167 1483 272 1538 herbas
286 1482 410 1550 rivttius3
423 1501 513 1558 quem
529 1482 579 1539 iiic
592 1494 725 1545 secutus,
739 1482 849 1575 iqrenit
860 1482 922 1539 son-

96 1570 160 1617 tem
176 1561 406 1635 iiquidissimum
422 1581 482 1636 quo
496 1560 578 1618 valde
593 1573 746 1618 recreatus
760 1573 813 1626 est.

138 1641 167 1696 N
171 1659 206 1696 ec
217 1641 301 1696 illum
312 1639 406 1698 fames
416 1654 486 1698 tuuc
497 1639 627 1698 maxime
641 1645 773 1715 urgebat.
798 1641 922 1716 Quippe
953 1689 958 1694 .

98 1719 148 1776 eui
162 1738 253 1794 angor
274 1732 429 1794 terrorque
451 1739 571 1777 omnem
590 1721 648 1776 cibi
664 1721 829 1793 appetitum
851 1738 923 1777 exe-

97 1811 220 1854 merent.
263 1799 322 1856 Sed
336 1811 418 1855 erant
432 1797 505 1855 adei)
520 1802 676 1856 exhaustae
692 1801 772 1856 illius
787 1801 875 1867 vires,
888 1810 923 1857 ut

96 1875 193 1934 multi)
210 1878 307 1952 magis
322 1877 510 1952 requiescere
522 1889 648 1952 optaret.
661 1933 662 1936 ,
680 1881 820 1936 Attamen
831 1891 924 1952 caput

97 1969 159 2012 erat
184 1959 284 2016 locum
312 1957 442 2015 invenire
469 1957 498 2014 in
526 1976 586 2032 quo
613 1969 695 2014 tutus
723 1970 922 2032 pernoctaret.

98 2035 323 2104 Nuiladomus,
347 2039 461 2092 nullum
489 2038 654 2112 tugurium,
670 2039 785 2094 nulium
812 2057 923 2111 specus

98 2128 161 2172 erat
182 2117 210 2172 in
226 2130 399 2190 conspectu.
445 2117 495 2172 Sic
513 2115 563 2174 utu
587 2118 702 2174 consilii
726 2119 809 2192 inops
831 2118 923 2174 flevit.

99 2195 233 2251 Tandem
249 2216 319 2252 aves
329 2195 438 2252 imitari
450 2197 671 2272 hospitiumque
684 2197 712 2253 in
725 2200 828 2252 arbore
838 2215 924 2271 quae·

98 2291 164 2331 rere
180 2277 290 2332 statuit.
333 2279 379 2332 Ac
395 2277 476 2334 brevi
501 2295 589 2334 uuam
607 2276 760 2350 prospexit
775 2287 835 2332 tam
852 2277 924 2334 den·

98 2373 161 2410 sam
175 2373 369 2431 opacamque,
385 2367 414 2412 ut
427 2354 583 2414 commode
598 2355 725 2412 insidere
736 2355 923 2430 dorsumque

98 2435 243 2491 acclinare
259 2447 369 2509 posset.
399 2437 485 2493 Hanc
499 2436 630 2492 ascendit
646 2436 796 2508 reptando,
812 2433 923 2510 pieque

96 2511 198 2570 Deum
216 2529 362 2585 μνεοειῑιιε,
376 2514 445 2573 cum
460 2533 492 2572 se
506 2515 735 2590 composuisset,
754 2515 852 2572 statim
870 2515 922 2572 ob·

97 2592 246 2650 dormivit.
290 2597 370 2650 inter
394 2611 542 2662 somnum,
567 2596 648 2652 illius
673 2595 775 2664 menti,
801 2605 834 2652 ut
858 2603 921 2652 erat

97 2689 238 2729 curarum
255 2687 330 2731 cestu
354 2673 473 2751 jactata,
489 2687 599 2732 'rerum
614 2691 717 2732 earum
733 2691 801 2750 quae
825 2671 920 2748 pridie
963 2682 965 2686 '

95 2751 230 2824 vigilanti
243 2753 411 2811 acciderant
425 2757 613 2811 recursabant
628 2755 783 2829 imagines.
807 2755 921 2812 Videre

97 2831 153 2886 sibi
168 2832 323 2889 ridebatur
336 2846 451 2901 motum
465 2847 495 2890 et
506 2833 696 2909 agitationem
707 2833 855 2894 fluctuum
870 2851 921 2890 na·

97 2925 167 2965 vem
177 2912 385 2980 haurientium,
395 2923 613 2988 nautarumque
626 2913 757 2992 ejulatus
769 2913 920 2971 exaudire.

99 2985 163 3045 Sibi
175 2989 205 3050 'ut
219 2991 319 3050 auimo
332 2991 463 3070 fingebat
477 3007 615 3067 parentes
636 2996 720 3052 luctu
736 3013 771 3052 ec
793 3009 921 3051 moerore

17 3129 20 3213 i
80 3161 201 3214 Α
