2048 3288
108 250 145 328 ab
351 259 505 316 ιιοιιιιιιοιι
527 257 697 303 audeonus,

108 370 187 411 nunc
215 349 378 406 animantes
406 349 552 424 quosdam
580 352 675 407 socios
697 351 828 408 baberet.
868 349 939 406 Jam

110 433 166 490 sibi
193 431 275 488 visus
296 440 341 486 est
363 429 453 486 vitam
480 428 640 486 solitariam
658 449 713 488 non
735 427 865 503 amplida
886 429 939 485 de·

109 531 193 587 gere,
218 511 295 568 unde
318 520 427 566 tantam
448 511 632 584 voluptatem
657 507 747 584 cepit,
770 520 802 566 ut
826 510 939 566 viribus

109 592 193 650 novis
208 602 324 654 auctus,
347 585 429 647 brevi
446 591 595 646 stabulum
618 588 788 646 inchoatum
811 586 940 663 perfice·

110 683 165 728 ret.
207 670 289 728 Turn
318 670 397 728 lama
412 686 481 724 cum
504 668 595 742 pullis
617 668 658 728 ibi
679 669 805 737 inclusa,
826 667 938 726 ostium

110 751 210 808 densis
230 749 388 806 fruticibus
402 747 503 821 sepsit.

150 830 301 902 Quantam
314 845 390 883 riunc
407 826 539 884 laetitiam
556 838 700 902 expertus
716 825 772 884 est!
816 825 937 884 Etenim

110 922 222 986 praeter
242 906 515 998 jucundissimam
509 921 636 966 istorum
655 905 826 964 animalium
843 906 939 964 socie·

110 999 202 1047 tatem
227 988 321 1044 multa
332 987 388 1042 alia
411 985 603 1061 maximaque
618 987 777 1046 commoda
789 986 857 1043 inde
873 1003 937 1059 spe·

111 1070 195 1127 ravit.
238 1067 348 1142 Neque
379 1067 433 1122 boc
459 1063 578 1124 frustrai.
634 1067 753 1124 Poterat
780 1062 939 1141 aliquandi)

110 1149 227 1206 discere
239 1149 300 1222 qua
313 1157 375 1202 arte
400 1163 438 1202 ex
459 1163 565 1204 eorum
580 1147 647 1204 lana
662 1156 776 1204 vestem
791 1145 848 1202 sibi
869 1163 940 1202 con·
1012 1163 1013 1176 ²

38 1247 39 1252 ¹
111 1227 225 1295 ficeret;
247 1237 361 1300 poterat
377 1242 481 1282 eorum
497 1227 573 1282 lacte
587 1227 677 1295 vesci,
691 1237 780 1302 atque
794 1227 939 1300 butyrum

112 1325 183 1364 cum
198 1322 286 1363 caseo
301 1303 367 1360 inda
387 1321 499 1376 parare.

151 1385 219 1444 Una
235 1403 282 1440 res
298 1383 365 1482 ejus
390 1381 524 1441 felicitati
545 1384 657 1442 deerat.
698 1385 831 1460 Optabat
850 1382 939 1440 nimi·

111 1463 177 1524 rum
201 1477 233 1522 ut
260 1459 336 1520 intra
360 1479 452 1520 unum
479 1475 509 1519 et
535 1465 676 1520 eumdem
700 1465 843 1538 parietem
866 1481 938 1521 curn

112 1564 207 1622 grege
224 1542 378 1602 carissimo
393 1541 545 1611 babitaret,
560 1561 651 1618 quern
673 1561 793 1618 semper
816 1547 939 1601 baberet

110 1637 179 1682 ante
201 1625 316 1691 oculos,
336 1622 452 1696 quoties
468 1623 547 1680 domi
559 1635 815 1696 commoraretur..
859 1623 938 1681 Rem

110 1703 211 1778 itaque
228 1699 278 1759 diu
303 1699 493 1775 rnuruimque
516 1702 545 1759 in
567 1703 665 1760 aninlo
679 1705 817 1762 versavit.
857 1703 938 1760 Tan·

111 1783 190 1848 dem,
212 1783 281 1839 cum
297 1780 418 1837 minlme
434 1782 541 1838 laboris
556 1781 684 1856 pigeret,
699 1784 799 1840 statuit
812 1783 938 1842 alteram

110 1861 254 1920 domicilii
276 1859 541 1934 partemdiruere,
563 1879 730 1937 novamque
749 1861 938 1937 capaciorem

112 1956 281 2010 exstruere,
295 1941 354 2015 qua
368 1937 476 1995 atrium
492 1939 592 2014 ipsum
603 1939 818 2014 aliquantulum
830 1941 938 2015 ampli-

111 2019 261 2079 ficaretur.
304 2019 346 2076 Ut
376 2031 488 2085 autem,
515 2020 588 2076 dum
611 2031 690 2076 esset
711 2021 740 2077 in
762 2024 838 2080 nova
862 2037 938 2095 sepe

111 2103 238 2158 serenda
251 2107 425 2174 occupatus,
440 2109 523 2156 tutus
543 2099 608 2173 ipse
630 2099 784 2170 babitaret,
808 2101 940 2176 pruden-

111 2189 158 2236 ter
172 2181 274 2238 statuit
290 2183 421 2236 veterem
436 2195 493 2236 rion
508 2177 591 2253 priris
604 2181 733 2236 evellere
749 2179 839 2256 quim
862 2199 940 2238 nova

110 2257 217 2316 fuisset
232 2258 374 2326 confecta;
397 2271 486 2333 atque
503 2270 582 2316 tanta
596 2259 653 2316 luit
669 2261 845 2315 Robinsonis
864 2259 940 2318 assi·

111 2338 219 2407 duitas,
232 2349 311 2396 tanta
325 2338 487 2412 diligentia,
500 2350 542 2402 ut,
551 2356 641 2413 opere
654 2336 728 2396 intra
743 2339 858 2416 paucos
873 2339 940 2396 dies

111 2419 255 2492 perlecto,
268 2415 486 2496 jucundissimi
509 2419 601 2476 trium
624 2417 771 2476 sodalium
794 2419 939 2520 societate

112 2500 266 2576 gauderet.

148 2577 243 2636 Lama
269 2575 359 2634 etiarn
382 2593 454 2636 cum
482 2577 572 2652 pullis
593 2577 727 2636 societati
758 2580 938 2636 Rehimena·

107 2656 193 2714 brevi
219 2656 360 2714 assuevit-‚2
401 2656 535 2716 Domum
557 2657 637 2715 enim
662 2657 798 2716 redeunti
817 2655 938 2716 obviam

108 2737 312 2795 subrubentes
339 2735 502 2805 veniebant,
536 2737 691 2794 odorantes
718 2755 754 2795 an
781 2735 856 2797 sorte
884 2737 939 2796 ali·

107 2816 192 2908 quid·
191 2815 365 2874 deliciarum
381 2814 537 2907 attulisset,
553 2835 737 2908 manumque
761 2819 940 2888 lambentes,

107 2895 194 2971 quasi
211 2895 321 2970 gratias
335 2895 432 2954 acturi
450 2911 507 2972 pro
520 2896 656 2976 gramine
669 2909 722 2958 aut
743 2895 875 2960 surculis
899 2897 938 2957 ab

101 2973 331 3054 ipaoaeceptia.
