<?xml version="1.0" encoding="UTF-8"?>
<!DOCTYPE html PUBLIC "-//W3C//DTD XHTML 1.0 Transitional//EN"
    "http://www.w3.org/TR/xhtml1/DTD/xhtml1-transitional.dtd">
<html xmlns="http://www.w3.org/1999/xhtml" xml:lang="en" lang="en">
 <head>
  <title>
</title>
<meta http-equiv="Content-Type" content="text/html;charset=utf-8" />
  <meta name='ocr-system' content='tesseract 3.04.00' />
  <meta name='ocr-capabilities' content='ocr_page ocr_carea ocr_par ocr_line ocrx_word'/>
</head>
<body>
  <div class='ocr_page' id='page_1' title='image "./robinsoncrusous00goffgoog_0045.png"; bbox 0 0 2048 3288; ppageno 0'>
   <div class='ocr_carea' id='block_1_1' title="bbox 117 175 907 378">
    <p class='ocr_par' dir='ltr' id='par_1_1' title="bbox 117 175 907 378">
     <span class='ocr_line' id='line_1_1' title="bbox 218 175 907 282; baseline -0.004 -29"><span class='ocrx_word' id='word_1_1' title='bbox 218 272 220 282; x_wconf 30' lang='grc' dir='ltr'>Ι</span> <span class='ocrx_word' id='word_1_2' title='bbox 325 175 481 254; x_wconf 72' lang='lat' dir='ltr'>nostasou</span> <span class='ocrx_word' id='word_1_3' title='bbox 501 210 673 252; x_wconf 78' lang='lat' dir='ltr'>ouusosus.</span> <span class='ocrx_word' id='word_1_4' title='bbox 871 197 907 252; x_wconf 75' lang='lat'>³⁹</span> 
     </span>
     <span class='ocr_line' id='line_1_2' title="bbox 117 286 907 378; baseline -0.003 -18"><span class='ocrx_word' id='word_1_5' title='bbox 117 286 224 360; x_wconf 69' lang='lat' dir='ltr'>Primo</span> <span class='ocrx_word' id='word_1_6' title='bbox 247 300 338 378; x_wconf 85' lang='lat' dir='ltr'>igitur</span> <span class='ocrx_word' id='word_1_7' title='bbox 364 305 466 360; x_wconf 78' lang='lat' dir='ltr'>statuit</span> <span class='ocrx_word' id='word_1_8' title='bbox 494 300 599 360; x_wconf 71' lang='lat' dir='ltr'>sedutti</span> <span class='ocrx_word' id='word_1_9' title='bbox 624 300 775 358; x_wconf 84' lang='lat' dir='ltr'>indusium</span> <span class='ocrx_word' id='word_1_10' title='bbox 797 300 907 360; x_wconf 83' lang='lat' dir='ltr'>lavare.</span> 
     </span>
    </p>
   </div>
   <div class='ocr_carea' id='block_1_2' title="bbox 72 381 946 2928">
    <p class='ocr_par' dir='ltr' id='par_1_2' title="bbox 76 381 907 520">
     <span class='ocr_line' id='line_1_3' title="bbox 76 381 907 458; baseline 0 -18"><span class='ocrx_word' id='word_1_11' title='bbox 76 384 150 455; x_wconf 91' lang='lat' dir='ltr'>Quo</span> <span class='ocrx_word' id='word_1_12' title='bbox 170 383 291 458; x_wconf 87' lang='lat' dir='ltr'>quidem</span> <span class='ocrx_word' id='word_1_13' title='bbox 316 401 355 440; x_wconf 87' lang='lat' dir='ltr'>ex</span> <span class='ocrx_word' id='word_1_14' title='bbox 378 388 481 440; x_wconf 84' lang='lat' dir='ltr'>arbore</span> <span class='ocrx_word' id='word_1_15' title='bbox 497 399 653 458; x_wconf 87' lang='lat' dir='ltr'>suspenso,</span> <span class='ocrx_word' id='word_1_16' title='bbox 674 381 783 456; x_wconf 86' lang='lat' dir='ltr'>ipsein</span> <span class='ocrx_word' id='word_1_17' title='bbox 798 400 907 457; x_wconf 89' lang='lat' dir='ltr'>aquam</span> 
     </span>
     <span class='ocr_line' id='line_1_4' title="bbox 76 459 200 520; baseline 0 -1"><span class='ocrx_word' id='word_1_18' title='bbox 76 459 200 520; x_wconf 82' lang='lat' dir='ltr'>desiliit.</span> 
     </span>
    </p>

    <p class='ocr_par' dir='ltr' id='par_1_3' title="bbox 74 540 908 928">
     <span class='ocr_line' id='line_1_5' title="bbox 117 540 907 617; baseline -0.001 -18"><span class='ocrx_word' id='word_1_19' title='bbox 117 541 195 600; x_wconf 89' lang='lat' dir='ltr'>Cdm</span> <span class='ocrx_word' id='word_1_20' title='bbox 213 551 314 600; x_wconf 86' lang='lat' dir='ltr'>autem</span> <span class='ocrx_word' id='word_1_21' title='bbox 330 559 407 617; x_wconf 88' lang='lat' dir='ltr'>puer</span> <span class='ocrx_word' id='word_1_22' title='bbox 419 543 537 600; x_wconf 86' lang='lat' dir='ltr'>natandi</span> <span class='ocrx_word' id='word_1_23' title='bbox 551 553 646 599; x_wconf 88' lang='lat' dir='ltr'>artem</span> <span class='ocrx_word' id='word_1_24' title='bbox 664 540 827 610; x_wconf 86' lang='lat' dir='ltr'>didicisset,</span> <span class='ocrx_word' id='word_1_25' title='bbox 844 542 907 614; x_wconf 87' lang='lat' dir='ltr'>pia·</span> 
     </span>
     <span class='ocr_line' id='line_1_6' title="bbox 74 618 905 697; baseline -0.001 -18"><span class='ocrx_word' id='word_1_26' title='bbox 74 621 137 680; x_wconf 88' lang='lat' dir='ltr'>cuit</span> <span class='ocrx_word' id='word_1_27' title='bbox 147 618 186 678; x_wconf 79' lang='lat' dir='ltr'>ex&#39;</span> <span class='ocrx_word' id='word_1_28' title='bbox 203 641 238 678; x_wconf 87' lang='lat' dir='ltr'>oo</span> <span class='ocrx_word' id='word_1_29' title='bbox 253 624 319 679; x_wconf 92' lang='lat' dir='ltr'>loco</span> <span class='ocrx_word' id='word_1_30' title='bbox 335 625 384 680; x_wconf 88' lang='lat' dir='ltr'>ubi</span> <span class='ocrx_word' id='word_1_31' title='bbox 399 623 427 679; x_wconf 91' lang='lat' dir='ltr'>in</span> <span class='ocrx_word' id='word_1_32' title='bbox 443 640 553 697; x_wconf 81' lang='lat' dir='ltr'>aquam</span> <span class='ocrx_word' id='word_1_33' title='bbox 566 622 762 679; x_wconf 65' lang='lat' dir='ltr'>descenderat</span> <span class='ocrx_word' id='word_1_34' title='bbox 779 623 905 678; x_wconf 84' lang='lat' dir='ltr'>natando</span> 
     </span>
     <span class='ocr_line' id='line_1_7' title="bbox 75 702 908 777; baseline 0 -19"><span class='ocrx_word' id='word_1_35' title='bbox 75 702 235 777; x_wconf 86' lang='lat' dir='ltr'>pervenire</span> <span class='ocrx_word' id='word_1_36' title='bbox 250 704 285 760; x_wconf 84' lang='lat' dir='ltr'>ad</span> <span class='ocrx_word' id='word_1_37' title='bbox 301 713 429 760; x_wconf 76' lang='lat' dir='ltr'>tractum</span> <span class='ocrx_word' id='word_1_38' title='bbox 444 703 606 776; x_wconf 84' lang='lat' dir='ltr'>quemdam</span> <span class='ocrx_word' id='word_1_39' title='bbox 625 714 711 759; x_wconf 81' lang='lat' dir='ltr'>terrae</span> <span class='ocrx_word' id='word_1_40' title='bbox 735 703 805 758; x_wconf 87' lang='lat' dir='ltr'>satis</span> <span class='ocrx_word' id='word_1_41' title='bbox 819 703 908 776; x_wconf 86' lang='lat' dir='ltr'>longo</span> 
     </span>
     <span class='ocr_line' id='line_1_8' title="bbox 75 781 908 857; baseline 0 -20"><span class='ocrx_word' id='word_1_42' title='bbox 75 784 173 856; x_wconf 86' lang='lat' dir='ltr'>spatio</span> <span class='ocrx_word' id='word_1_43' title='bbox 183 781 216 840; x_wconf 89' lang='lat' dir='ltr'>in</span> <span class='ocrx_word' id='word_1_44' title='bbox 230 799 312 840; x_wconf 87' lang='lat' dir='ltr'>mare</span> <span class='ocrx_word' id='word_1_45' title='bbox 327 794 564 857; x_wconf 80' lang='lat' dir='ltr'>procurrentem,</span> <span class='ocrx_word' id='word_1_46' title='bbox 579 799 670 857; x_wconf 88' lang='lat' dir='ltr'>quem</span> <span class='ocrx_word' id='word_1_47' title='bbox 683 783 813 838; x_wconf 84' lang='lat' dir='ltr'>nondum</span> <span class='ocrx_word' id='word_1_48' title='bbox 829 781 908 838; x_wconf 87' lang='lat' dir='ltr'>adie-</span> 
     </span>
     <span class='ocr_line' id='line_1_9' title="bbox 75 874 518 928; baseline 0 -10"><span class='ocrx_word' id='word_1_49' title='bbox 75 874 131 918; x_wconf 74' lang='lat' dir='ltr'>rat·</span> <span class='ocrx_word' id='word_1_50' title='bbox 495 911 518 928; x_wconf 29' lang='grc'>.-</span> 
     </span>
    </p>

    <p class='ocr_par' dir='ltr' id='par_1_4' title="bbox 74 939 908 1320">
     <span class='ocr_line' id='line_1_10' title="bbox 116 939 908 1017; baseline 0.001 -20"><span class='ocrx_word' id='word_1_51' title='bbox 116 941 196 998; x_wconf 87' lang='lat' dir='ltr'>Illud</span> <span class='ocrx_word' id='word_1_52' title='bbox 209 939 332 1017; x_wconf 78' lang='lat' dir='ltr'>quoque</span> <span class='ocrx_word' id='word_1_53' title='bbox 351 941 523 998; x_wconf 77' lang='lat' dir='ltr'>Robinsonic</span> <span class='ocrx_word' id='word_1_54' title='bbox 547 942 636 999; x_wconf 86' lang='lat' dir='ltr'>nostri</span> <span class='ocrx_word' id='word_1_55' title='bbox 651 940 810 998; x_wconf 79' lang='lat' dir='ltr'>consiliunt</span> <span class='ocrx_word' id='word_1_56' title='bbox 828 940 908 998; x_wconf 87' lang='lat' dir='ltr'>faus·</span> 
     </span>
     <span class='ocr_line' id='line_1_11' title="bbox 76 1020 908 1080; baseline -0.002 0"><span class='ocrx_word' id='word_1_57' title='bbox 76 1020 228 1080; x_wconf 84' lang='lat' dir='ltr'>tissimum</span> <span class='ocrx_word' id='word_1_58' title='bbox 245 1020 309 1080; x_wconf 78' lang='lat' dir='ltr'>tun.</span> <span class='ocrx_word' id='word_1_59' title='bbox 353 1021 437 1078; x_wconf 88' lang='lat' dir='ltr'>Vidit</span> <span class='ocrx_word' id='word_1_60' title='bbox 462 1020 602 1078; x_wconf 87' lang='lat' dir='ltr'>nimirum</span> <span class='ocrx_word' id='word_1_61' title='bbox 623 1023 699 1078; x_wconf 90' lang='lat' dir='ltr'>bunc</span> <span class='ocrx_word' id='word_1_62' title='bbox 723 1035 813 1080; x_wconf 80' lang='lat' dir='ltr'>tet-rae</span> <span class='ocrx_word' id='word_1_63' title='bbox 831 1035 908 1078; x_wconf 88' lang='lat' dir='ltr'>trac-</span> 
     </span>
     <span class='ocr_line' id='line_1_12' title="bbox 75 1100 907 1176; baseline -0.001 -16"><span class='ocrx_word' id='word_1_64' title='bbox 75 1109 142 1160; x_wconf 84' lang='lat' dir='ltr'>tum</span> <span class='ocrx_word' id='word_1_65' title='bbox 170 1100 257 1176; x_wconf 86' lang='lat' dir='ltr'>aquis</span> <span class='ocrx_word' id='word_1_66' title='bbox 282 1103 477 1160; x_wconf 84' lang='lat' dir='ltr'>subeuntibus</span> <span class='ocrx_word' id='word_1_67' title='bbox 505 1101 651 1168; x_wconf 88' lang='lat' dir='ltr'>inundari,</span> <span class='ocrx_word' id='word_1_68' title='bbox 685 1109 907 1159; x_wconf 82' lang='lat' dir='ltr'>recurrentibus</span> 
     </span>
     <span class='ocr_line' id='line_1_13' title="bbox 76 1180 907 1257; baseline -0.001 -17"><span class='ocrx_word' id='word_1_69' title='bbox 76 1198 149 1240; x_wconf 84' lang='lat' dir='ltr'>vero</span> <span class='ocrx_word' id='word_1_70' title='bbox 164 1199 303 1256; x_wconf 75' lang='lat' dir='ltr'>magnam</span> <span class='ocrx_word' id='word_1_71' title='bbox 324 1183 441 1257; x_wconf 88' lang='lat' dir='ltr'>copiam</span> <span class='ocrx_word' id='word_1_72' title='bbox 464 1180 658 1248; x_wconf 84' lang='lat' dir='ltr'>testudinum,</span> <span class='ocrx_word' id='word_1_73' title='bbox 676 1194 907 1256; x_wconf 81' lang='lat' dir='ltr'>ostrearumque</span> 
     </span>
     <span class='ocr_line' id='line_1_14' title="bbox 74 1259 346 1320; baseline -0.007 -1"><span class='ocrx_word' id='word_1_74' title='bbox 74 1259 105 1319; x_wconf 87' lang='lat' dir='ltr'>in</span> <span class='ocrx_word' id='word_1_75' title='bbox 120 1261 203 1320; x_wconf 89' lang='lat' dir='ltr'>sicco</span> <span class='ocrx_word' id='word_1_76' title='bbox 216 1261 346 1320; x_wconf 87' lang='lat' dir='ltr'>destitui.</span> 
     </span>
    </p>

    <p class='ocr_par' dir='ltr' id='par_1_5' title="bbox 73 1340 907 1906">
     <span class='ocr_line' id='line_1_15' title="bbox 118 1340 906 1420; baseline 0.001 -21"><span class='ocrx_word' id='word_1_77' title='bbox 118 1340 215 1399; x_wconf 84' lang='lat' dir='ltr'>Maris</span> <span class='ocrx_word' id='word_1_78' title='bbox 228 1341 278 1400; x_wconf 88' lang='lat' dir='ltr'>ilie</span> <span class='ocrx_word' id='word_1_79' title='bbox 292 1344 377 1400; x_wconf 89' lang='lat' dir='ltr'>locus</span> <span class='ocrx_word' id='word_1_80' title='bbox 391 1361 484 1420; x_wconf 86' lang='lat' dir='ltr'>quem</span> <span class='ocrx_word' id='word_1_81' title='bbox 501 1345 651 1399; x_wconf 75' lang='lat' dir='ltr'>Robinson</span> <span class='ocrx_word' id='word_1_82' title='bbox 666 1341 906 1412; x_wconf 76' lang='lat' dir='ltr'>circummunit,</span> 
     </span>
     <span class='ocr_line' id='line_1_16' title="bbox 75 1417 907 1497; baseline 0.002 -19"><span class='ocrx_word' id='word_1_83' title='bbox 75 1417 151 1479; x_wconf 74' lang='lat' dir='ltr'>oded</span> <span class='ocrx_word' id='word_1_84' title='bbox 169 1420 301 1495; x_wconf 90' lang='lat' dir='ltr'>piscibus</span> <span class='ocrx_word' id='word_1_85' title='bbox 316 1425 481 1481; x_wconf 76' lang='lat' dir='ltr'>abundabat</span> <span class='ocrx_word' id='word_1_86' title='bbox 492 1435 525 1481; x_wconf 89' lang='lat' dir='ltr'>ut</span> <span class='ocrx_word' id='word_1_87' title='bbox 538 1423 598 1480; x_wconf 69' lang='lat' dir='ltr'>sctt‘:</span> <span class='ocrx_word' id='word_1_88' title='bbox 615 1423 751 1480; x_wconf 80' lang='lat' dir='ltr'>monibus</span> <span class='ocrx_word' id='word_1_89' title='bbox 761 1425 826 1496; x_wconf 72' lang='lat' dir='ltr'>capi</span> <span class='ocrx_word' id='word_1_90' title='bbox 840 1441 907 1497; x_wconf 83' lang='lat' dir='ltr'>pos·</span> 
     </span>
     <span class='ocr_line' id='line_1_17' title="bbox 76 1497 907 1573; baseline 0.001 -15"><span class='ocrx_word' id='word_1_91' title='bbox 76 1513 150 1558; x_wconf 86' lang='lat' dir='ltr'>sent.</span> <span class='ocrx_word' id='word_1_92' title='bbox 192 1497 284 1573; x_wconf 82' lang='lat' dir='ltr'>Qudd</span> <span class='ocrx_word' id='word_1_93' title='bbox 305 1501 332 1560; x_wconf 88' lang='lat' dir='ltr'>si</span> <span class='ocrx_word' id='word_1_94' title='bbox 352 1503 479 1560; x_wconf 79' lang='lat' dir='ltr'>reticuto</span> <span class='ocrx_word' id='word_1_95' title='bbox 499 1505 663 1562; x_wconf 85' lang='lat' dir='ltr'>instructus</span> <span class='ocrx_word' id='word_1_96' title='bbox 676 1501 791 1568; x_wconf 79' lang='lat' dir='ltr'>fuisset,</span> <span class='ocrx_word' id='word_1_97' title='bbox 813 1514 907 1560; x_wconf 80' lang='lat' dir='ltr'>tnutte</span> 
     </span>
     <span class='ocr_line' id='line_1_18' title="bbox 75 1578 906 1656; baseline 0 -18"><span class='ocrx_word' id='word_1_98' title='bbox 75 1578 164 1640; x_wconf 68' lang='lat' dir='ltr'>facite</span> <span class='ocrx_word' id='word_1_99' title='bbox 177 1582 306 1656; x_wconf 85' lang='lat' dir='ltr'>cepisset</span> <span class='ocrx_word' id='word_1_100' title='bbox 316 1583 419 1643; x_wconf 79' lang='lat' dir='ltr'>miliia.</span> <span class='ocrx_word' id='word_1_101' title='bbox 452 1583 521 1639; x_wconf 86' lang='lat' dir='ltr'>Hoc</span> <span class='ocrx_word' id='word_1_102' title='bbox 535 1597 635 1640; x_wconf 86' lang='lat' dir='ltr'>autem</span> <span class='ocrx_word' id='word_1_103' title='bbox 657 1583 754 1640; x_wconf 77' lang='lat' dir='ltr'>adbuc</span> <span class='ocrx_word' id='word_1_104' title='bbox 777 1583 906 1639; x_wconf 84' lang='lat' dir='ltr'>carebat.</span> 
     </span>
     <span class='ocr_line' id='line_1_19' title="bbox 76 1657 907 1737; baseline 0 -20"><span class='ocrx_word' id='word_1_105' title='bbox 76 1657 156 1718; x_wconf 77' lang='lat' dir='ltr'>cnm</span> <span class='ocrx_word' id='word_1_106' title='bbox 172 1673 272 1720; x_wconf 85' lang='lat' dir='ltr'>tamen</span> <span class='ocrx_word' id='word_1_107' title='bbox 287 1660 385 1720; x_wconf 84' lang='lat' dir='ltr'>omniu</span> <span class='ocrx_word' id='word_1_108' title='bbox 400 1677 541 1737; x_wconf 74' lang='lat' dir='ltr'>suscepta</span> <span class='ocrx_word' id='word_1_109' title='bbox 557 1661 698 1735; x_wconf 65' lang='lat' dir='ltr'>prospers</span> <span class='ocrx_word' id='word_1_110' title='bbox 714 1662 742 1719; x_wconf 83' lang='lat' dir='ltr'>ei</span> <span class='ocrx_word' id='word_1_111' title='bbox 764 1668 907 1720; x_wconf 77' lang='lat' dir='ltr'>bactettus</span> 
     </span>
     <span class='ocr_line' id='line_1_20' title="bbox 74 1739 906 1817; baseline 0.004 -21"><span class='ocrx_word' id='word_1_112' title='bbox 74 1742 249 1810; x_wconf 81' lang='lat' dir='ltr'>cessissent,</span> <span class='ocrx_word' id='word_1_113' title='bbox 270 1741 400 1815; x_wconf 77' lang='lat' dir='ltr'>speravit</span> <span class='ocrx_word' id='word_1_114' title='bbox 415 1739 478 1798; x_wconf 85' lang='lat' dir='ltr'>sore</span> <span class='ocrx_word' id='word_1_115' title='bbox 493 1739 696 1817; x_wconf 73' lang='lat' dir='ltr'>utaliquando</span> <span class='ocrx_word' id='word_1_116' title='bbox 710 1742 906 1817; x_wconf 78' lang='lat' dir='ltr'>piscatorium</span> 
     </span>
     <span class='ocr_line' id='line_1_21' title="bbox 73 1819 395 1906; baseline 0.019 -31"><span class='ocrx_word' id='word_1_117' title='bbox 73 1831 140 1906; x_wconf 59' lang='lat' dir='ltr'>gete</span> <span class='ocrx_word' id='word_1_118' title='bbox 154 1820 211 1878; x_wconf 90' lang='lat' dir='ltr'>sibi</span> <span class='ocrx_word' id='word_1_119' title='bbox 225 1819 395 1882; x_wconf 81' lang='lat' dir='ltr'>conficeret.</span> 
     </span>
    </p>

    <p class='ocr_par' dir='ltr' id='par_1_6' title="bbox 72 1899 928 2296">
     <span class='ocr_line' id='line_1_22' title="bbox 115 1899 906 1978; baseline -0.003 -20"><span class='ocrx_word' id='word_1_120' title='bbox 115 1900 175 1958; x_wconf 89' lang='lat' dir='ltr'>His</span> <span class='ocrx_word' id='word_1_121' title='bbox 203 1905 293 1958; x_wconf 84' lang='lat' dir='ltr'>rebus</span> <span class='ocrx_word' id='word_1_122' title='bbox 318 1899 546 1978; x_wconf 86' lang='lat' dir='ltr'>jucundissimis</span> <span class='ocrx_word' id='word_1_123' title='bbox 568 1901 658 1958; x_wconf 86' lang='lat' dir='ltr'>laetus</span> <span class='ocrx_word' id='word_1_124' title='bbox 687 1901 838 1955; x_wconf 73' lang='lat' dir='ltr'>Robinson</span> <span class='ocrx_word' id='word_1_125' title='bbox 866 1916 906 1956; x_wconf 82' lang='lat' dir='ltr'>ex</span> 
     </span>
     <span class='ocr_line' id='line_1_23' title="bbox 72 1977 907 2055; baseline -0.002 -17"><span class='ocrx_word' id='word_1_126' title='bbox 72 1984 154 2055; x_wconf 72' lang='lat' dir='ltr'>aqua</span> <span class='ocrx_word' id='word_1_127' title='bbox 167 1979 306 2052; x_wconf 74' lang='lat' dir='ltr'>emergit,</span> <span class='ocrx_word' id='word_1_128' title='bbox 327 1979 397 2040; x_wconf 87' lang='lat' dir='ltr'>edm</span> <span class='ocrx_word' id='word_1_129' title='bbox 421 1987 523 2038; x_wconf 85' lang='lat' dir='ltr'>boram</span> <span class='ocrx_word' id='word_1_130' title='bbox 545 1977 607 2035; x_wconf 84' lang='lat' dir='ltr'>fere</span> <span class='ocrx_word' id='word_1_131' title='bbox 623 1981 768 2055; x_wconf 81' lang='lat' dir='ltr'>integram</span> <span class='ocrx_word' id='word_1_132' title='bbox 783 1981 907 2036; x_wconf 75' lang='lat' dir='ltr'>natendo</span> 
     </span>
     <span class='ocr_line' id='line_1_24' title="bbox 74 2059 905 2136; baseline -0.001 -20"><span class='ocrx_word' id='word_1_133' title='bbox 74 2060 324 2134; x_wconf 80' lang='lat' dir='ltr'>consumpsisset.</span> <span class='ocrx_word' id='word_1_134' title='bbox 350 2059 504 2117; x_wconf 78' lang='lat' dir='ltr'>indusium</span> <span class='ocrx_word' id='word_1_135' title='bbox 520 2077 639 2136; x_wconf 81' lang='lat' dir='ltr'>quoquc</span> <span class='ocrx_word' id='word_1_136' title='bbox 651 2060 728 2116; x_wconf 79' lang='lat' dir='ltr'>seris</span> <span class='ocrx_word' id='word_1_137' title='bbox 742 2073 822 2114; x_wconf 83' lang='lat' dir='ltr'>catnt·</span> <span class='ocrx_word' id='word_1_138' title='bbox 835 2077 905 2132; x_wconf 88' lang='lat' dir='ltr'>pen·</span> 
     </span>
     <span class='ocr_line' id='line_1_25' title="bbox 75 2135 904 2212; baseline 0.001 -17"><span class='ocrx_word' id='word_1_139' title='bbox 75 2135 135 2196; x_wconf 81' lang='lat' dir='ltr'>itus</span> <span class='ocrx_word' id='word_1_140' title='bbox 160 2137 345 2206; x_wconf 80' lang='lat' dir='ltr'>siccaverat3</span> <span class='ocrx_word' id='word_1_141' title='bbox 367 2150 431 2196; x_wconf 85' lang='lat' dir='ltr'>tunt</span> <span class='ocrx_word' id='word_1_142' title='bbox 454 2137 506 2196; x_wconf 84' lang='lat' dir='ltr'>iiie</span> <span class='ocrx_word' id='word_1_143' title='bbox 529 2140 681 2212; x_wconf 77' lang='lat' dir='ltr'>uoluptate</span> <span class='ocrx_word' id='word_1_144' title='bbox 704 2137 786 2198; x_wconf 87' lang='lat' dir='ltr'>lintei</span> <span class='ocrx_word' id='word_1_145' title='bbox 802 2139 904 2198; x_wconf 85' lang='lat' dir='ltr'>mundi</span> 
     </span>
     <span class='ocr_line' id='line_1_26' title="bbox 74 2217 928 2296; baseline -0.002 -20"><span class='ocrx_word' id='word_1_146' title='bbox 74 2217 216 2276; x_wconf 86' lang='lat' dir='ltr'>induendi</span> <span class='ocrx_word' id='word_1_147' title='bbox 231 2217 348 2276; x_wconf 82' lang='lat' dir='ltr'>fruitur.</span> <span class='ocrx_word' id='word_1_148' title='bbox 775 2254 784 2274; x_wconf 62' lang='lat' dir='ltr'><em>s</em></span> <span class='ocrx_word' id='word_1_149' title='bbox 926 2289 928 2296; x_wconf 33' lang='grc' dir='ltr'>Ι</span> 
     </span>
    </p>

    <p class='ocr_par' dir='ltr' id='par_1_7' title="bbox 74 2295 946 2928">
     <span class='ocr_line' id='line_1_27' title="bbox 115 2295 946 2356; baseline -0.002 -1"><span class='ocrx_word' id='word_1_150' title='bbox 115 2295 198 2355; x_wconf 80' lang='lat' dir='ltr'>edm</span> <span class='ocrx_word' id='word_1_151' title='bbox 212 2295 284 2356; x_wconf 74' lang='lat' dir='ltr'>verti</span> <span class='ocrx_word' id='word_1_152' title='bbox 301 2317 377 2356; x_wconf 91' lang='lat' dir='ltr'>nunc</span> <span class='ocrx_word' id='word_1_153' title='bbox 388 2297 593 2354; x_wconf 85' lang='lat' dir='ltr'>consuevisset</span> <span class='ocrx_word' id='word_1_154' title='bbox 603 2312 710 2354; x_wconf 88' lang='lat' dir='ltr'>cuncta</span> <span class='ocrx_word' id='word_1_155' title='bbox 721 2298 831 2356; x_wconf 77' lang='lat' dir='ltr'>atteutd</span> <span class='ocrx_word' id='word_1_156' title='bbox 843 2317 904 2354; x_wconf 87' lang='lat' dir='ltr'>me·</span> <span class='ocrx_word' id='word_1_157' title='bbox 944 2323 946 2330; x_wconf 87' lang='lat'><em>·</em></span> 
     </span>
     <span class='ocr_line' id='line_1_28' title="bbox 74 2376 905 2451; baseline -0.002 -15"><span class='ocrx_word' id='word_1_158' title='bbox 74 2376 173 2445; x_wconf 81' lang='lat' dir='ltr'>ditari,</span> <span class='ocrx_word' id='word_1_159' title='bbox 187 2377 332 2451; x_wconf 79' lang='lat' dir='ltr'>cogitavit</span> <span class='ocrx_word' id='word_1_160' title='bbox 347 2381 420 2435; x_wconf 81' lang='lat' dir='ltr'>lianc</span> <span class='ocrx_word' id='word_1_161' title='bbox 437 2381 619 2451; x_wconf 84' lang='lat' dir='ltr'>voiuptatent</span> <span class='ocrx_word' id='word_1_162' title='bbox 638 2397 690 2434; x_wconf 88' lang='lat' dir='ltr'>non</span> <span class='ocrx_word' id='word_1_163' title='bbox 715 2377 776 2433; x_wconf 80' lang='lat' dir='ltr'>sore</span> <span class='ocrx_word' id='word_1_164' title='bbox 791 2387 905 2434; x_wconf 63' lang='grc' dir='ltr'>τιμιωτ-</span> 
     </span>
     <span class='ocr_line' id='line_1_29' title="bbox 74 2455 914 2534; baseline 0 -20"><span class='ocrx_word' id='word_1_165' title='bbox 74 2473 156 2534; x_wconf 78' lang='lat' dir='ltr'>nam,</span> <span class='ocrx_word' id='word_1_166' title='bbox 172 2455 198 2512; x_wconf 89' lang='lat' dir='ltr'>si</span> <span class='ocrx_word' id='word_1_167' title='bbox 213 2456 335 2531; x_wconf 90' lang='lat' dir='ltr'>quidem</span> <span class='ocrx_word' id='word_1_168' title='bbox 352 2461 406 2514; x_wconf 89' lang='lat' dir='ltr'>boc</span> <span class='ocrx_word' id='word_1_169' title='bbox 423 2457 510 2514; x_wconf 89' lang='lat' dir='ltr'>unico</span> <span class='ocrx_word' id='word_1_170' title='bbox 525 2458 641 2514; x_wconf 90' lang='lat' dir='ltr'>indusio</span> <span class='ocrx_word' id='word_1_171' title='bbox 658 2457 713 2514; x_wconf 89' lang='lat' dir='ltr'>sibi</span> <span class='ocrx_word' id='word_1_172' title='bbox 728 2474 914 2529; x_wconf 70' lang='lat' dir='ltr'>nunc‚utcn·,</span> 
     </span>
     <span class='ocr_line' id='line_1_30' title="bbox 75 2536 905 2611; baseline 0.002 -19"><span class='ocrx_word' id='word_1_173' title='bbox 75 2536 147 2592; x_wconf 83' lang='lat' dir='ltr'>dum</span> <span class='ocrx_word' id='word_1_174' title='bbox 164 2547 254 2604; x_wconf 87' lang='lat' dir='ltr'>esset,</span> <span class='ocrx_word' id='word_1_175' title='bbox 274 2555 334 2611; x_wconf 88' lang='lat' dir='ltr'>quo</span> <span class='ocrx_word' id='word_1_176' title='bbox 351 2543 444 2593; x_wconf 83' lang='lat' dir='ltr'>semel</span> <span class='ocrx_word' id='word_1_177' title='bbox 460 2542 558 2594; x_wconf 84' lang='lat' dir='ltr'>attrito</span> <span class='ocrx_word' id='word_1_178' title='bbox 572 2540 654 2594; x_wconf 82' lang='lat' dir='ltr'>natta</span> <span class='ocrx_word' id='word_1_179' title='bbox 671 2549 844 2610; x_wconf 72' lang='lat' dir='ltr'>suppar-ret</span> <span class='ocrx_word' id='word_1_180' title='bbox 860 2557 905 2593; x_wconf 78' lang='lat' dir='ltr'>ta·</span> 
     </span>
     <span class='ocr_line' id='line_1_31' title="bbox 75 2613 905 2691; baseline 0.002 -19"><span class='ocrx_word' id='word_1_181' title='bbox 75 2613 116 2672; x_wconf 88' lang='lat' dir='ltr'>tio</span> <span class='ocrx_word' id='word_1_182' title='bbox 129 2618 189 2689; x_wconf 74' lang='lat' dir='ltr'>qua</span> <span class='ocrx_word' id='word_1_183' title='bbox 199 2615 279 2673; x_wconf 84' lang='lat' dir='ltr'>aliud</span> <span class='ocrx_word' id='word_1_184' title='bbox 291 2629 485 2691; x_wconf 78' lang='lat' dir='ltr'>compacaret.</span> <span class='ocrx_word' id='word_1_185' title='bbox 519 2617 598 2686; x_wconf 84' lang='lat' dir='ltr'>Quae</span> <span class='ocrx_word' id='word_1_186' title='bbox 609 2617 748 2691; x_wconf 81' lang='lat' dir='ltr'>cogitatio</span> <span class='ocrx_word' id='word_1_187' title='bbox 760 2619 905 2686; x_wconf 64' lang='lat' dir='ltr'>,gaudium</span> 
     </span>
     <span class='ocr_line' id='line_1_32' title="bbox 75 2696 905 2762; baseline 0 -11"><span class='ocrx_word' id='word_1_188' title='bbox 75 2712 207 2752; x_wconf 82' lang='lat' dir='ltr'>ntoerore</span> <span class='ocrx_word' id='word_1_189' title='bbox 224 2696 353 2753; x_wconf 88' lang='lat' dir='ltr'>miscuit.</span> <span class='ocrx_word' id='word_1_190' title='bbox 378 2699 518 2752; x_wconf 81' lang='lat' dir='ltr'>Attamen</span> <span class='ocrx_word' id='word_1_191' title='bbox 528 2700 626 2752; x_wconf 85' lang='lat' dir='ltr'>animo</span> <span class='ocrx_word' id='word_1_192' title='bbox 637 2715 707 2752; x_wconf 83' lang='lat' dir='ltr'>tnox</span> <span class='ocrx_word' id='word_1_193' title='bbox 721 2697 905 2762; x_wconf 77' lang='lat' dir='ltr'>confit-mato,</span> 
     </span>
     <span class='ocr_line' id='line_1_33' title="bbox 77 2774 905 2848; baseline -0.005 -18"><span class='ocrx_word' id='word_1_194' title='bbox 77 2774 199 2832; x_wconf 80' lang='lat' dir='ltr'>domurn</span> <span class='ocrx_word' id='word_1_195' title='bbox 226 2793 365 2832; x_wconf 76' lang='lat' dir='ltr'>reversus</span> <span class='ocrx_word' id='word_1_196' title='bbox 387 2786 441 2838; x_wconf 84' lang='lat' dir='ltr'>est,</span> <span class='ocrx_word' id='word_1_197' title='bbox 468 2792 585 2832; x_wconf 87' lang='lat' dir='ltr'>coenaut</span> <span class='ocrx_word' id='word_1_198' title='bbox 611 2779 747 2848; x_wconf 78' lang='lat' dir='ltr'>sumpsit.</span> <span class='ocrx_word' id='word_1_199' title='bbox 773 2775 905 2843; x_wconf 78' lang='lat' dir='ltr'>cunique</span> 
     </span>
     <span class='ocr_line' id='line_1_34' title="bbox 78 2849 905 2928; baseline -0.007 -19"><span class='ocrx_word' id='word_1_200' title='bbox 78 2851 181 2911; x_wconf 88' lang='lat' dir='ltr'>Deum</span> <span class='ocrx_word' id='word_1_201' title='bbox 198 2852 246 2928; x_wconf 64' lang='lat' dir='ltr'>pii</span> <span class='ocrx_word' id='word_1_202' title='bbox 259 2855 415 2923; x_wconf 79' lang='lat' dir='ltr'>oravisset,</span> <span class='ocrx_word' id='word_1_203' title='bbox 429 2851 544 2928; x_wconf 70' lang='lat' dir='ltr'>placide</span> <span class='ocrx_word' id='word_1_204' title='bbox 557 2871 589 2910; x_wconf 86' lang='lat' dir='ltr'>se</span> <span class='ocrx_word' id='word_1_205' title='bbox 599 2855 629 2910; x_wconf 92' lang='lat' dir='ltr'>in</span> <span class='ocrx_word' id='word_1_206' title='bbox 639 2855 717 2910; x_wconf 80' lang='lat' dir='ltr'>tecto</span> <span class='ocrx_word' id='word_1_207' title='bbox 728 2849 905 2924; x_wconf 85' lang='lat' dir='ltr'>composuit.</span> 
     </span>
    </p>
   </div>
   <div class='ocr_carea' id='block_1_3' title="bbox 0 0 1028 3288">
    <p class='ocr_par' dir='ltr' id='par_1_8' title="bbox 0 0 1028 3288">
     <span class='ocr_line' id='line_1_35' title="bbox 0 0 1028 3288; baseline 0 0"><span class='ocrx_word' id='word_1_208' title='bbox 0 0 1028 3288; x_wconf 95' lang='lat' dir='ltr'> </span> 
     </span>
    </p>
   </div>
  </div>
 </body>
</html>
