2048 3288
338 149 491 190 sosrnson
514 147 684 191 annsouus.
885 140 919 190 13

93 233 193 296 luldm
209 235 373 306 discedere,
399 238 478 308 edm,
503 239 623 298 flamma
637 255 798 304 cameram,
819 236 848 294 in
863 243 922 314 qus

41 377 53 406 ι
92 317 197 389 pul-ris
211 320 418 376 tormentarius
433 321 581 394 sepositus
595 329 650 386 est,
665 315 852 390 corripiente,
863 319 923 374 dis-

94 405 203 468 cerpta
217 395 299 452 navis
313 397 449 454 dissiluit.

138 473 221 532 Dum
239 475 304 532 haec
318 488 526 552 narrarentur,
548 477 667 533 sedebat
681 473 709 530 in
730 477 841 550 angulo
863 478 924 531 Ro·

12 613 15 618 ,
95 555 201 608 binnan
226 553 328 622 silens,
350 555 549 630 madidusque,
573 555 678 612 similis
701 555 810 612 homiui
831 572 923 630 quern

94 631 248 690 malefacti
263 635 413 691 remordet
435 635 623 692 conscientia.
665 633 748 690 Bone
764 633 860 690 Deus!
884 633 924 691 ait

93 711 148 767 ille
162 728 278 778 secum,
296 712 404 770 sicum
421 714 590 772 hominibus
604 713 663 770 illis
678 713 754 769 inter·
769 732 843 787 quos
858 725 924 770 sunt

11 811 22 858 a
94 787 231 863 proleetd
256 791 376 864 quidam
401 791 487 868 lougd
509 791 600 868 quaim
621 811 679 868 ego
702 791 842 848 meliores
864 804 923 848 tam

11 873 12 876 ’
80 866 175 948 ⁸mald
190 867 300 943 agitur,
314 870 383 928 heu!
403 873 474 946 quid
490 873 562 930 milii
577 871 798 948 expectandum
814 871 865 946 qui
880 871 923 928 sic

94 965 168 1024 erga
184 962 321 1022 parentes
338 951 539 1023 peccaverim?
591 997 593 1002 .

136 1026 214 1084 Cdm
229 1027 274 1084 illi
288 1029 353 1085 cibo
367 1029 466 1104 aliquo
487 1030 591 1088 relecti
606 1029 741 1096 luissent,
764 1040 828 1086 tum
844 1047 921 1087 nnus

94 1106 147 1182 qui
163 1107 307 1182 dignitate
323 1109 443 1187 caeteris
457 1119 601 1184 praestare
619 1109 782 1175 videbatur,
797 1107 922 1182 praelec-

21 1225 26 1236 .
93 1195 159 1243 tum
174 1185 254 1253 adiit,
276 1204 511 1264 crumenamque
525 1189 625 1246 aureis
648 1187 779 1245 nummis
804 1190 922 1264 plenam

95 1265 262 1339 porrigens,
283 1265 360 1344 Ego,
384 1266 488 1342 inquit,
503 1267 643 1326 miseram
660 1267 742 1342 illam
758 1285 862 1322 navum
879 1265 922 1324 in·

94 1344 201 1412 struxi;
225 1345 280 1402 hoc
295 1347 391 1404 sulum
407 1347 514 1423 eripui,
531 1365 644 1424 oroque
666 1358 699 1404 ut
713 1345 822 1422 pignus
845 1345 922 1422 grati

94 1441 150 1498 pro
164 1426 259 1480 salute
272 1424 361 1482 animi
375 1427 514 1500 accipias.

135 1503 219 1560 Tum
234 1501 305 1560 verb
321 1502 376 1560 luit
397 1523 446 1562 res
461 1506 636 1580 spectaculo
658 1505 757 1580 digna,
772 1513 922 1562 certamen

93 1583 197 1640 ambos
211 1583 288 1641 inter
310 1582 401 1653 viros,
423 1597 489 1640 uter
505 1585 571 1642 binc
587 1583 707 1660 gratior,
728 1585 796 1642 inde
815 1584 919 1641 hones·

93 1661 151 1718 tior
161 1661 247 1720 loret.

133 1740 300 1800 Absirsane
313 1743 471 1817 respondet
483 1736 656 1818 pfaelectus,
667 1754 699 1801 ut
711 1759 821 1801 munus
833 1753 919 1802 tuum

12 1849 18 1882 .-
94 1821 250 1895 accipiam.
274 1819 353 1878 cum
364 1840 421 1898 ego
433 1825 513 1881 robis
523 1842 612 1900 opem
623 1824 687 1891 tuli,
697 1823 767 1880 nihil
780 1822 859 1880 aliud
871 1823 921 1900 egi
1011 1819 1012 1826 '

94 1897 185 1974 qudm
199 1898 310 1975 quodsi
330 1905 434 1960 natura
451 1905 563 1960 homini
585 1922 658 1978 erga
672 1903 823 1960 hominem
842 1921 920 1976 prae·

94 1979 240 2054 scripturn
256 1991 312 2050 est,
324 1981 440 2039 scilicet
451 1995 483 2040 ut
500 1983 721 2047 bonohomini,
735 1981 919 2058 quicumque

93 2059 140 2128 sit,
155 2061 298 2127 consulat,
312 2061 350 2117 ob
365 2078 431 2118 eam
443 2079 563 2120 causam
578 2060 658 2137 qudd
673 2062 698 2118 is
711 2065 799 2118 homo
813 2063 860 2118 sit.

133 2139 156 2195 F
159 2135 255 2196 rustrai
269 2139 319 2196 ille
334 2139 510 2214 praelectum
528 2159 637 2218 urgere
652 2152 686 2198 ut
704 2142 839 2198 oblatum
854 2159 919 2199 mu·

93 2237 149 2276 nus
170 2217 333 2294 acciperet;
358 2222 584 2296 perseveranter
604 2220 735 2295 negavit,
756 2239 864 2298 rogans
886 2233 920 2277 ut

47 2367 49 2374 Ι
93 2316 156 2356 rem
179 2297 265 2376 plane
281 2299 451 2358 dimitteret.
491 2301 574 2358 Turn
590 2301 767 2357 deliberatur
788 2297 918 2374 quddam

12 2399 14 2404 ’
93 2377 202 2445 servati
227 2379 360 2436 homines
388 2392 487 2438 essent
516 2379 651 2438 vehendi.
702 2379 827 2452 Duplex
856 2391 919 2435 erat

94 2475 183 2515 causa
206 2476 262 2517 cur
281 2461 317 2516 ad
335 2461 478 2514 Guincam
501 2479 556 2518 non
582 2461 773 2516 ducerentur.
816 2455 917 2514 Primb

13 2571 17 2578 ·
93 2537 215 2614 quidem
230 2536 351 2596 minim&
365 2557 441 2613 opus
455 2551 518 2596 crat
532 2545 654 2613 longum
671 2538 727 2594 iter
746 2537 774 2594 iu
790 2555 857 2594 eam
872 2554 918 2592 re-

93 2617 211 2694 gionem
228 2618 337 2686 lacere,
350 2618 422 2676 nihil
438 2619 479 2676 ibi
489 2619 600 2694 negotii
616 2617 798 2674 habentibus.

133 2698 161 2754 N
166 2715 200 2752 ec
215 2697 321 2754 deinde
335 2707 414 2756 tanta
428 2701 528 2755 aderat
542 2702 570 2755 iu
585 2716 658 2756 nave
673 2697 810 2752 ciborum
832 2693 919 2766 copia

15 2811 19 2816 -
93 2773 168 2834 unde
183 2789 225 2832 tot
238 2777 410 2852 navigantes
424 2778 453 2833 in
466 2778 567 2835 itinere
583 2777 757 2834 victitarent.

13 2925 15 2930 s
132 2855 300 2932 Praelpctus
316 2858 434 2916 tandem
449 2857 561 2925 statuit,
573 2856 685 2912 omiss&
699 2851 818 2930 propria
839 2845 918 2902 utili:

92 2947 160 3010 tate,
173 2949 296 2996 centurn
308 2945 337 2996 et
352 2934 481 3014 amplids
493 2936 670 2994 milliaribus
684 2933 701 2990 'd
716 2932 763 2987 vit
777 2928 858 2983 recta
868 2926 916 2980 de·

491 3033 508 3072 B
733 3029 736 3036 .
