2068 3278
66 259 71 290 r
129 225 187 280 tat
384 234 543 274 acarnania
566 231 736 276 consonus.

1017 273 1018 312 t

123 323 315 390 studentum
337 319 406 381 edm
429 325 541 382 erimus
556 329 626 381 intra
640 327 691 381 toti
710 325 836 402 jactum,
850 321 943 381 subita
1017 325 1018 400 i

32 468 34 472 ,
126 417 305 463 tormentum
317 404 496 476 explodatur
507 404 656 466 bellicum,
670 423 729 477 qno
744 402 867 468 barbari,
882 421 943 458 cre·

124 485 164 542 do
175 483 323 558 equidem,
337 481 440 549 territi,
455 483 557 538 relicti
573 485 683 554 praedd,
697 483 725 539 in
741 487 864 556 scaphas
877 501 943 538 con·

125 561 250 638 fugient.
291 561 372 618 Turn
399 561 589 617 commilitoni
614 580 731 618 manunt
758 561 892 634 porrigit;
913 570 943 616 et

125 655 254 718 uterque
265 659 297 698 te
309 639 459 698 fortissimi
472 641 572 697 militis
587 641 683 714 officio
696 640 866 697 functurum
882 641 945 714 poi·

63 724 67 732 “
125 721 241 779 licetur.

168 798 287 858 interim
303 795 391 856 tacito
413 815 518 874 gressu
534 817 628 874 usque
649 799 684 856 ad
703 809 870 856 extremam
892 797 945 855 du·

124 892 272 938 motorum
294 889 408 952 partem
434 879 614 950 perveniunt.
656 881 804 932 Robinson
827 877 944 934 comitis

124 959 189 1016 auri
204 959 375 1021 insusurrat,
390 968 420 1013 nt
435 953 524 1030 quaint
539 957 708 1014 cautissime
723 968 787 1030 post
805 972 944 1031 magnam

123 1037 284 1114 quamdam
299 1037 433 1093 arborem
455 1037 576 1112 adrepat
597 1037 755 1110 redeatque
770 1034 825 1092 sibi
846 1037 944 1093 decia·

125 1131 243 1175 taturus
254 1133 326 1172 num
338 1120 437 1171 hostes
447 1114 513 1172 inde
525 1113 655 1190 conspici
670 1114 789 1188 possint.
829 1115 944 1186 Fridoy

125 1213 264 1254 reversus
278 1195 389 1252 nuntiat
402 1193 513 1267 optimd
535 1195 600 1252 iilos
613 1194 762 1252 observari
782 1211 879 1268 posse,
900 1194 945 1269 ig-

124 1293 193 1332 nem
209 1273 464 1340 circumsidentes,
484 1291 610 1348 ossaque
624 1271 746 1330 alterius
759 1271 868 1347 captivi
881 1272 945 1348 jam

122 1353 246 1412 mactati
260 1363 356 1410 assata
370 1353 515 1422 redemere
531 1355 657 1410 alterum
672 1369 727 1408 non
744 1353 897 1424 proculab
912 1352 947 1408 ii-

123 1433 161 1492 tis
178 1434 307 1490 vinctum
320 1430 431 1510 jacere;
447 1432 523 1488 hunc
535 1450 574 1488 ex
589 1433 655 1489 albo
669 1449 778 1506 genere
792 1431 946 1488 hominum

124 1511 229 1578 videri,
242 1527 271 1568 et
289 1513 349 1584 pari
364 1509 430 1568 neci
444 1511 631 1570 destinatum.

165 1592 233 1650 Non
248 1591 340 1648 tenuit
354 1590 426 1647 iram
452 1591 609 1658 Robinson,
630 1591 667 1648 de
683 1589 747 1647 viro
759 1589 826 1648 albo
842 1588 948 1665 impri-

123 1669 182 1728 mis
202 1669 334 1733 audiena,
362 1671 471 1724 'rubam
493 1675 617 1738 opacum
639 1687 730 1745 quem
751 1687 824 1726 nate
847 1689 946 1728 aerae·

52 1777 59 1790 ·
122 1760 188 1806 tum
207 1765 310 1804 secum
324 1761 530 1824 apportaverat
545 1749 700 1822 praetendit
721 1760 787 1824 post
807 1750 946 1806 arborem

121 1827 189 1904 ipse
204 1829 376 1894 collocatus,
396 1839 425 1885 et
445 1845 480 1884 ea
494 1843 562 1902 qnae
584 1829 695 1901 Friday
718 1830 856 1885 retulerat
878 1829 945 1902 ipse

124 1925 194 1964 vera
208 1923 274 1964 ease
288 1905 488 1982 deprehendit.
511 1905 732 1982 Quinquaginta
743 1905 862 1965 circiter
876 1925 945 1966 can·

122 1983 236 2044 nibales
250 1992 328 2060 apnd
353 1985 453 2059 ignem
478 1987 675 2054 consederann
696 1987 848 2061 captivum
872 1984 945 2044 verti

121 2062 271 2144 jacentem
289 2065 472 2138 Europaeum
494 2081 559 2120 esse
581 2063 663 2121 iaciid
689 2067 817 2142 agnovit.
859 2065 945 2124 Turn

123 2157 223 2201 autem
238 2143 360 2209 exarsit,
381 2145 500 2218 sanguis
514 2141 616 2212 fervet,
632 2161 736 2220 pectus
752 2156 866 2204 aestuat.
911 2145 944 2202 Si

124 2221 195 2280 verb
212 2222 339 2298 primurn
357 2225 433 2279 bunc
444 2223 531 2280 animi
543 2236 656 2280 motum
673 2226 816 2300 sequitur,
829 2221 944 2282 temere

121 2301 238 2376 impetu
263 2301 340 2358 iacto
366 2305 493 2358 muitum
519 2303 648 2359 effundet
674 2304 834 2377 sanguino
862 2303 946 2362 novit

123 2383 202 2438 enim
215 2381 355 2438 rationem
366 2381 448 2438 caecdt
457 2381 544 2436 animi
554 2383 769 2454 perturbatione
780 2383 859 2440 rinei
870 2399 946 2440 nun·

120 2476 211 2534 quarn
226 2470 373 2534 oportere;
396 2461 493 2532 itaque
510 2460 735 2535 indignationem
752 2463 877 2520 cohibet.

165 2539 211 2594 Ad
227 2556 290 2594 earn
306 2540 409 2595 deinde
425 2551 538 2612 partem
552 2541 740 2598 dumetorum
755 2559 824 2618 quae
847 2539 945 2616 iongi-

120 2613 159 2673 tis
179 2619 376 2674 excurrebant
398 2633 583 2692 progressus,
604 2620 805 2678 animadvertit
827 2621 945 2678 hiatum

38 2698 40 2701 '
123 2694 303 2751 mediocrem
318 2693 334 2750 ὲ
350 2699 508 2770 longinquo
522 2698 571 2754 vix
588 2701 839 2771 conspiciendum.
871 2701 947 2758 Col·

122 2847 218 2923 eapita
232 2851 419 2907 barbarorum
434 2852 561 2910 emissus
576 2857 722 2914 neminem
741 2861 836 2916 taedat.
880 2859 945 2914 De·

122 2927 187 2982 inde
207 2931 287 2984 socio
301 2926 387 2984 tacite
410 2929 553 3004 significat
579 2948 610 2990 ttt
632 2935 768 2996 accurat&
791 2941 891 3011 ipsum
915 2938 944 2994 in

124 3009 258 3063 amnibus
283 3007 415 3064 imitetur
438 3025 507 3083 quae
534 3025 670 3095 agentem
697 3015 798 3090 ipsunt
824 3017 944 3076 viderit.

1017 1527 1018 1554 i

122 2773 252 2828 locatum
267 2771 306 2827 ibi
318 2783 496 2830 tormentum
509 2773 548 2831 ita
563 2777 671 2854 dirigit.
686 2791 716 2834 nt
732 2781 838 2853 globus
851 2797 946 2852 super
