2048 3288
113 231 151 284 64
352 239 507 280 aosrusnu
521 237 693 280 onusoeus.

152 331 260 407 Iteque
273 347 345 388 oum
360 331 424 387 soie
438 345 568 405 surgere
587 337 787 388 consueverat
799 337 891 406 atque
904 331 942 390 ed

110 410 224 470 iontem
236 428 269 468 se
284 409 414 476 consere,
427 423 461 468 ut
475 422 576 484 caput,
586 427 691 468 manus
702 421 819 486 pectus,
834 411 943 486 pedes-

111 509 173 569 que
196 492 342 550 ablueret.
383 489 501 549 Deinde
523 491 648 552 domum
675 507 817 548 reversus
842 501 943 548 vestes

110 570 262 630 induebat.
288 591 289 596 ¹
302 569 374 644 Quo
387 568 475 639 facto,
489 571 599 628 collern
610 571 769 646 speluncae
783 570 943 628 imminen-

111 660 174 710 tem
189 653 401 718 conscendere;
424 650 504 708 unde
518 652 607 726 longe
621 651 740 726 lateque
761 650 943 726 circumspi-

112 748 182 790 cere
198 743 311 805 posset,
324 743 415 808 atque
429 730 468 788 ibi
489 728 520 788 in
534 746 635 808 genua
648 741 815 806 prostratus
834 747 942 808 preces

1 845 2 848 =
111 808 333 886 matutinaspie
347 811 483 880 fundere,
503 807 670 886 Deumque
684 829 769 869 orare
781 809 943 886 proceris·

1 951 2 954 ,
112 890 198 950 simis
221 889 396 967 parentibus
416 907 493 966 quos
515 891 690 948 deseruerat
707 891 843 966 quidem,
868 909 943 950 nun·

1 1005 2 1026 r
111 969 202 1048 quim
215 967 287 1030 verb
297 971 408 1030 oblitus
421 981 478 1028 est.
518 969 603 1029 Tum
612 970 706 1030 lamas
717 975 859 1047 mulgere
869 988 943 1048 qua·

1 1089 2 1138 g
110 1068 180 1112 turn
195 1069 325 1129 gregem
334 1051 442 1110 nonita
452 1050 703 1110 contemnendum
714 1049 859 1128 paulatim
870 1050 944 1110 edu·

1 1140 2 1149 ’
110 1143 241 1192 cevent.
283 1131 402 1190 Deinde
426 1130 559 1209 aliquant
575 1129 663 1190 iactis
677 1142 795 1207 purtem
810 1129 943 1190 haurire.

1 1267 2 1288 ἦ
110 1210 147 1271 In
161 1210 273 1288 quibus
286 1211 467 1288 peragendis
480 1210 577 1288 prima
591 1211 652 1268 diei
667 1212 738 1270 bora
751 1210 923 1270 effluxerat.

1 1342 2 1358 2
152 1293 236 1352 Tum
249 1291 390 1350 omuibus
402 1295 495 1351 rebus
508 1294 673 1350 instructus
686 1308 757 1369 quae
773 1307 828 1349 seu
842 1292 880 1349 ad
893 1301 942 1352 tu·

1 1375 2 1412 i
110 1373 202 1432 telam
217 1370 276 1441 sut,
297 1388 353 1430 seu
365 1374 402 1430 ad
417 1372 550 1431 laborem
563 1371 756 1448 pertinerent,
768 1371 831 1430 ibat
842 1371 891 1430 vei
905 1371 944 1431 ad

110 1451 248 1520 littus,ei
259 1469 344 1514 mare
358 1453 525 1524 recederet,
536 1463 651 1512 ostreas
664 1451 695 1510 in
708 1450 867 1528 prandium
883 1452 944 1510 col·

110 1533 256 1602 lecturus,
270 1534 319 1594 rel
339 1534 377 1593 sd
391 1533 585 1604 arbonenses
600 1533 662 1612 qud
673 1549 781 1593 narem
794 1529 943 1591 fabricare

111 1625 263 1674 mittebat.
517 1663 518 1670 ,

153 1693 218 1753 Sub
233 1696 338 1752 boram
355 1693 517 1766 deciment,
539 1711 612 1754 curn
632 1691 694 1752 diei
706 1690 945 1754 fervidissimum

111 1784 235 1850 ternpus
252 1781 355 1846 esset,
382 1775 515 1834 laborem
543 1775 695 1838 Robinson
719 1773 966 1833 intermittebet'

112 1851 197 1913 Tum
213 1854 264 1914 ilie
275 1853 360 1915 littus
374 1857 540 1932 repetebat,
562 1865 614 1914 aut
630 1863 746 1912 ostreas
760 1853 946 1930 conquisith

1 1963 2 1978 1
112 1952 175 2006 rus,
199 1935 225 1994 si
248 1936 439 1994 modomaud
462 1953 519 1994 non
542 1933 713 2004 invenisset,
732 1943 784 1992 sut
807 1935 947 1992 membre

4 2066 7 2070 .
112 2015 278 2108 leuaturus,
292 2016 374 2094 quod
396 2015 442 2075 bis
455 2014 590 2094 quotidie
603 2013 705 2074 fecem
729 2013 759 2073 in
781 2031 899 2073 morem
915 2012 946 2074 ei

112 2097 272 2235 abllebreaitude
285 2177 396 2234 iterum
410 2176 506 2236 lamas
519 2177 670 2255 mulgere,
683 2193 790 2236 essuos
809 2191 849 2232 ex
864 2173 945 2232 lacte

1 2247 2 2274 ³
113 2257 276 2334 coagulato
299 2273 450 2332 premere,
477 2257 695 2335 prandiumque
724 2253 878 2314 mediocre
901 2252 946 2312 in·

114 2349 232 2396 struere
254 2337 335 2414 quod
348 2334 412 2395 fere
426 2339 514 2408 lacte,
528 2346 559 2395 et
578 2355 667 2396 caseo
681 2337 805 2406 recenti,
818 2333 947 2392 nonnul·

114 2417 152 2476 lis
166 2418 284 2485 ostreis,
309 2417 494 2495 dimidiaque
522 2435 601 2476 nuce
623 2433 756 2475 cocossae
780 2409 947 2474 constabitt.

111 2497 145 2556 N
148 2515 184 2556 ec
198 2497 243 2556 iili
256 2498 402 2574 querendi
422 2499 509 2558 locus
523 2509 587 2556 erat
600 2493 682 2574 qudd
702 2495 733 2554 in
747 2493 871 2556 fervidis
882 2493 948 2552 istis

113 2578 288 2653 regionibus
312 2579 448 2637 ciborum
470 2577 623 2654 appetitus
648 2574 746 2635 multb
769 2573 867 2634 minor
890 2573 948 2632 sibi

114 2671 196 2716 esset
210 2676 302 2734 quarn
317 2661 373 2718 sub
387 2660 466 2718 coelo
479 2657 635 2736 frigidiori.
677 2658 820 2718 Attamen
840 2653 949 2713 solitus

114 2735 133 2798 d
147 2737 276 2813 pueritia
289 2755 411 2798 carnem
430 2739 531 2809 edere,
545 2739 628 2799 iliam
641 2737 793 2798 tundendo
807 2732 948 2792 emollire

48 2883 50 2890 ,
114 2815 214 2877 denub
240 2831 365 2878 conatus
389 2828 445 2888 est,
461 2829 495 2878 ut
522 2819 695 2879 aviditatem
717 2817 868 2893 expleret3
891 2813 948 2872 sed

114 2896 235 2956 frustra.
276 2900 359 2957 Inter
369 2897 574 2974 prendendum
586 2917 657 2958 cum
670 2896 799 2973 psittaco
809 2913 865 2952 suo
876 2909 949 2951 con-

115 2976 242 3040 fabulari
256 2981 378 3047 sciebat,
404 2995 497 3054 quem
510 2981 653 3039 nonnulla
673 2979 763 3036 verba
785 2971 950 3052 pronunci-

1 3053 2 3059 ’
114 3059 330 3120 aredocuerac
371 3058 496 3118 Scilicet
506 3059 644 3120 audiebat
655 3056 824 3135 discipulus
834 3063 866 3112 et
878 3053 949 3110 red·
