<?xml version="1.0" encoding="UTF-8"?>
<!DOCTYPE html PUBLIC "-//W3C//DTD XHTML 1.0 Transitional//EN"
    "http://www.w3.org/TR/xhtml1/DTD/xhtml1-transitional.dtd">
<html xmlns="http://www.w3.org/1999/xhtml" xml:lang="en" lang="en">
 <head>
  <title>
</title>
<meta http-equiv="Content-Type" content="text/html;charset=utf-8" />
  <meta name='ocr-system' content='tesseract 3.04.00' />
  <meta name='ocr-capabilities' content='ocr_page ocr_carea ocr_par ocr_line ocrx_word'/>
</head>
<body>
  <div class='ocr_page' id='page_1' title='image "./robinsoncrusous00goffgoog_0133.png"; bbox 0 0 2068 3278; ppageno 0'>
   <div class='ocr_carea' id='block_1_1' title="bbox 341 181 922 233">
    <p class='ocr_par' dir='ltr' id='par_1_1' title="bbox 341 181 922 233">
     <span class='ocr_line' id='line_1_1' title="bbox 341 181 922 233; baseline 0.003 -3"><span class='ocrx_word' id='word_1_1' title='bbox 341 191 494 232; x_wconf 71' lang='lat' dir='ltr'>nasturcia</span> <span class='ocrx_word' id='word_1_2' title='bbox 516 191 685 232; x_wconf 77' lang='lat' dir='ltr'>onuacuua.</span> <span class='ocrx_word' id='word_1_3' title='bbox 869 181 922 233; x_wconf 75' lang='lat' dir='ltr'>tat</span> 
     </span>
    </p>
   </div>
   <div class='ocr_carea' id='block_1_2' title="bbox 99 278 957 1548">
    <p class='ocr_par' dir='ltr' id='par_1_2' title="bbox 102 278 922 418">
     <span class='ocr_line' id='line_1_2' title="bbox 102 278 922 357; baseline 0.001 -19"><span class='ocrx_word' id='word_1_4' title='bbox 102 291 179 350; x_wconf 80' lang='lat' dir='ltr'>rant,</span> <span class='ocrx_word' id='word_1_5' title='bbox 194 278 262 339; x_wconf 88' lang='lat' dir='ltr'>ctltu</span> <span class='ocrx_word' id='word_1_6' title='bbox 275 279 358 338; x_wconf 87' lang='lat' dir='ltr'>nobis</span> <span class='ocrx_word' id='word_1_7' title='bbox 377 279 466 356; x_wconf 75' lang='lat' dir='ltr'>perid</span> <span class='ocrx_word' id='word_1_8' title='bbox 480 299 586 339; x_wconf 87' lang='lat' dir='ltr'>nocere</span> <span class='ocrx_word' id='word_1_9' title='bbox 605 279 776 357; x_wconf 73' lang='lat' dir='ltr'>neopolim,</span> <span class='ocrx_word' id='word_1_10' title='bbox 796 297 850 337; x_wconf 91' lang='lat' dir='ltr'>nec</span> <span class='ocrx_word' id='word_1_11' title='bbox 872 301 922 339; x_wconf 84' lang='lat' dir='ltr'>va·</span> 
     </span>
     <span class='ocr_line' id='line_1_3' title="bbox 102 361 190 418; baseline -0.011 0"><span class='ocrx_word' id='word_1_12' title='bbox 102 361 190 418; x_wconf 88' lang='lat' dir='ltr'>leant.</span> 
     </span>
    </p>

    <p class='ocr_par' dir='ltr' id='par_1_3' title="bbox 99 436 957 988">
     <span class='ocr_line' id='line_1_4' title="bbox 143 436 957 518; baseline 0 -20"><span class='ocrx_word' id='word_1_13' title='bbox 143 437 221 498; x_wconf 86' lang='lat' dir='ltr'>Fieri</span> <span class='ocrx_word' id='word_1_14' title='bbox 234 449 333 498; x_wconf 84' lang='lat' dir='ltr'>autem</span> <span class='ocrx_word' id='word_1_15' title='bbox 350 443 455 514; x_wconf 76' lang='lat' dir='ltr'>potedt,</span> <span class='ocrx_word' id='word_1_16' title='bbox 478 436 590 512; x_wconf 82' lang='lat' dir='ltr'>excipit</span> <span class='ocrx_word' id='word_1_17' title='bbox 611 441 730 510; x_wconf 66' lang='lat' dir='ltr'>urium,</span> <span class='ocrx_word' id='word_1_18' title='bbox 752 449 785 496; x_wconf 88' lang='lat' dir='ltr'>ut</span> <span class='ocrx_word' id='word_1_19' title='bbox 807 439 921 518; x_wconf 88' lang='lat' dir='ltr'>majore</span> <span class='ocrx_word' id='word_1_20' title='bbox 956 477 957 484; x_wconf 26' lang='grc' dir='ltr'><strong>κ</strong></span> 
     </span>
     <span class='ocr_line' id='line_1_5' title="bbox 101 517 923 594; baseline -0.001 -16"><span class='ocrx_word' id='word_1_21' title='bbox 101 535 228 578; x_wconf 89' lang='lat' dir='ltr'>nurnero</span> <span class='ocrx_word' id='word_1_22' title='bbox 241 531 431 578; x_wconf 79' lang='lat' dir='ltr'>revertantur.</span> <span class='ocrx_word' id='word_1_23' title='bbox 473 518 518 577; x_wconf 89' lang='lat' dir='ltr'>Sit</span> <span class='ocrx_word' id='word_1_24' title='bbox 538 517 616 576; x_wconf 72' lang='lat' dir='ltr'>sana!</span> <span class='ocrx_word' id='word_1_25' title='bbox 639 519 787 572; x_wconf 79' lang='lat' dir='ltr'>Roba&#39;naon</span> <span class='ocrx_word' id='word_1_26' title='bbox 801 537 923 594; x_wconf 77' lang='lat' dir='ltr'>respon·</span> 
     </span>
     <span class='ocr_line' id='line_1_6' title="bbox 102 595 921 676; baseline -0.002 -18"><span class='ocrx_word' id='word_1_27' title='bbox 102 601 163 668; x_wconf 88' lang='lat' dir='ltr'>det,</span> <span class='ocrx_word' id='word_1_28' title='bbox 176 595 244 676; x_wconf 79' lang='lat' dir='ltr'>ejus</span> <span class='ocrx_word' id='word_1_29' title='bbox 258 597 416 656; x_wconf 88' lang='lat' dir='ltr'>humerum</span> <span class='ocrx_word' id='word_1_30' title='bbox 437 598 541 657; x_wconf 89' lang='lat' dir='ltr'>leniter</span> <span class='ocrx_word' id='word_1_31' title='bbox 556 597 733 674; x_wconf 76' lang='lat' dir='ltr'>percutiens3</span> <span class='ocrx_word' id='word_1_32' title='bbox 755 615 847 654; x_wconf 90' lang='lat' dir='ltr'>nonne</span> <span class='ocrx_word' id='word_1_33' title='bbox 867 619 921 656; x_wconf 83' lang='lat' dir='ltr'>cx·</span> 
     </span>
     <span class='ocr_line' id='line_1_7' title="bbox 102 675 921 753; baseline 0 -17"><span class='ocrx_word' id='word_1_34' title='bbox 102 678 214 736; x_wconf 83' lang='lat' dir='ltr'>ercitua</span> <span class='ocrx_word' id='word_1_35' title='bbox 227 694 345 753; x_wconf 87' lang='lat' dir='ltr'>quoque</span> <span class='ocrx_word' id='word_1_36' title='bbox 366 689 463 735; x_wconf 82' lang='lat' dir='ltr'>noster</span> <span class='ocrx_word' id='word_1_37' title='bbox 476 691 582 735; x_wconf 83' lang='lat' dir='ltr'>auctus</span> <span class='ocrx_word' id='word_1_38' title='bbox 595 675 651 734; x_wconf 78' lang='lat' dir='ltr'>eati</span> <span class='ocrx_word' id='word_1_39' title='bbox 694 677 860 750; x_wconf 81' lang='lat' dir='ltr'>Hispanum</span> <span class='ocrx_word' id='word_1_40' title='bbox 874 697 921 736; x_wconf 84' lang='lat' dir='ltr'>oa·</span> 
     </span>
     <span class='ocr_line' id='line_1_8' title="bbox 100 755 920 832; baseline 0 -16"><span class='ocrx_word' id='word_1_41' title='bbox 100 758 232 817; x_wconf 74' lang='lat' dir='ltr'>tendens.</span> <span class='ocrx_word' id='word_1_42' title='bbox 264 755 354 814; x_wconf 90' lang='lat' dir='ltr'>Nunc</span> <span class='ocrx_word' id='word_1_43' title='bbox 367 756 437 814; x_wconf 88' lang='lat' dir='ltr'>licet</span> <span class='ocrx_word' id='word_1_44' title='bbox 451 757 534 814; x_wconf 79' lang='lat' dir='ltr'>nobis</span> <span class='ocrx_word' id='word_1_45' title='bbox 550 758 596 814; x_wconf 85' lang='lat' dir='ltr'>vel</span> <span class='ocrx_word' id='word_1_46' title='bbox 612 755 759 831; x_wconf 85' lang='lat' dir='ltr'><strong>legionem</strong></span> <span class='ocrx_word' id='word_1_47' title='bbox 773 755 920 832; x_wconf 86' lang='lat' dir='ltr'>integram</span> 
     </span>
     <span class='ocr_line' id='line_1_9' title="bbox 99 831 920 912; baseline -0.004 -15"><span class='ocrx_word' id='word_1_48' title='bbox 99 837 224 897; x_wconf 86' lang='lat' dir='ltr'>istorum</span> <span class='ocrx_word' id='word_1_49' title='bbox 240 836 364 912; x_wconf 79' lang='lat' dir='ltr'>aggredi</span> <span class='ocrx_word' id='word_1_50' title='bbox 378 837 565 912; x_wconf 77' lang='lat' dir='ltr'>caedereque,</span> <span class='ocrx_word' id='word_1_51' title='bbox 579 831 633 893; x_wconf 80' lang='lat' dir='ltr'>seu</span> <span class='ocrx_word' id='word_1_52' title='bbox 646 835 674 892; x_wconf 91' lang='lat' dir='ltr'>in</span> <span class='ocrx_word' id='word_1_53' title='bbox 689 845 800 910; x_wconf 88' lang='lat' dir='ltr'>aperto,</span> <span class='ocrx_word' id='word_1_54' title='bbox 815 852 867 894; x_wconf 84' lang='lat' dir='ltr'>acu</span> <span class='ocrx_word' id='word_1_55' title='bbox 878 837 920 894; x_wconf 91' lang='lat' dir='ltr'>in·</span> 
     </span>
     <span class='ocr_line' id='line_1_10' title="bbox 101 914 467 988; baseline -0.014 -12"><span class='ocrx_word' id='word_1_56' title='bbox 101 929 147 976; x_wconf 87' lang='lat' dir='ltr'>tra</span> <span class='ocrx_word' id='word_1_57' title='bbox 160 915 271 974; x_wconf 87' lang='lat' dir='ltr'>vallum</span> <span class='ocrx_word' id='word_1_58' title='bbox 286 914 467 988; x_wconf 76' lang='lat' dir='ltr'>praeliemur.</span> 
     </span>
    </p>

    <p class='ocr_par' dir='ltr' id='par_1_4' title="bbox 99 994 921 1548">
     <span class='ocr_line' id='line_1_11' title="bbox 140 994 919 1071; baseline 0 -17"><span class='ocrx_word' id='word_1_59' title='bbox 140 995 208 1054; x_wconf 83' lang='lat' dir='ltr'>Jam</span> <span class='ocrx_word' id='word_1_60' title='bbox 223 994 267 1052; x_wconf 83' lang='lat' dir='ltr'>vir</span> <span class='ocrx_word' id='word_1_61' title='bbox 281 1007 388 1064; x_wconf 87' lang='lat' dir='ltr'>noster,</span> <span class='ocrx_word' id='word_1_62' title='bbox 402 1005 434 1052; x_wconf 90' lang='lat' dir='ltr'>ut</span> <span class='ocrx_word' id='word_1_63' title='bbox 449 1007 511 1052; x_wconf 87' lang='lat' dir='ltr'>erat</span> <span class='ocrx_word' id='word_1_64' title='bbox 525 994 764 1063; x_wconf 74' lang='lat' dir='ltr'>humanissimus,</span> <span class='ocrx_word' id='word_1_65' title='bbox 778 1013 919 1071; x_wconf 85' lang='lat' dir='ltr'>campum</span> 
     </span>
     <span class='ocr_line' id='line_1_12' title="bbox 100 1072 920 1154; baseline -0.001 -20"><span class='ocrx_word' id='word_1_66' title='bbox 100 1091 212 1154; x_wconf 84' lang='lat' dir='ltr'>pugnae</span> <span class='ocrx_word' id='word_1_67' title='bbox 226 1075 391 1148; x_wconf 75' lang='lat' dir='ltr'>lacrymans</span> <span class='ocrx_word' id='word_1_68' title='bbox 401 1073 577 1144; x_wconf 76' lang='lat' dir='ltr'>circumluit,</span> <span class='ocrx_word' id='word_1_69' title='bbox 590 1073 615 1130; x_wconf 81' lang='lat' dir='ltr'>ei</span> <span class='ocrx_word' id='word_1_70' title='bbox 625 1072 697 1134; x_wconf 70' lang='lat' dir='ltr'>forte</span> <span class='ocrx_word' id='word_1_71' title='bbox 706 1075 843 1150; x_wconf 86' lang='lat' dir='ltr'>cuiquam</span> <span class='ocrx_word' id='word_1_72' title='bbox 856 1079 920 1133; x_wconf 84' lang='lat' dir='ltr'>nar·</span> 
     </span>
     <span class='ocr_line' id='line_1_13' title="bbox 99 1153 920 1228; baseline -0.001 -15"><span class='ocrx_word' id='word_1_73' title='bbox 99 1157 239 1214; x_wconf 86' lang='lat' dir='ltr'>barorum</span> <span class='ocrx_word' id='word_1_74' title='bbox 249 1154 345 1211; x_wconf 82' lang='lat' dir='ltr'>adhuc</span> <span class='ocrx_word' id='word_1_75' title='bbox 355 1153 529 1228; x_wconf 84' lang='lat' dir='ltr'>spirantium</span> <span class='ocrx_word' id='word_1_76' title='bbox 541 1163 639 1228; x_wconf 83' lang='lat' dir='ltr'>posset</span> <span class='ocrx_word' id='word_1_77' title='bbox 649 1171 832 1212; x_wconf 80' lang='lat' dir='ltr'>succurrere.</span> <span class='ocrx_word' id='word_1_78' title='bbox 850 1155 920 1213; x_wconf 84' lang='lat' dir='ltr'>Plu·</span> 
     </span>
     <span class='ocr_line' id='line_1_14' title="bbox 101 1231 921 1308; baseline -0.001 -15"><span class='ocrx_word' id='word_1_79' title='bbox 101 1233 171 1294; x_wconf 87' lang='lat' dir='ltr'>rimi</span> <span class='ocrx_word' id='word_1_80' title='bbox 192 1244 292 1290; x_wconf 86' lang='lat' dir='ltr'>autem</span> <span class='ocrx_word' id='word_1_81' title='bbox 313 1233 529 1308; x_wconf 70' lang='lat' dir='ltr'>expirare-me</span> <span class='ocrx_word' id='word_1_82' title='bbox 543 1231 714 1308; x_wconf 82' lang='lat' dir='ltr'>caeterique,</span> <span class='ocrx_word' id='word_1_83' title='bbox 726 1233 801 1290; x_wconf 87' lang='lat' dir='ltr'>inter</span> <span class='ocrx_word' id='word_1_84' title='bbox 816 1251 921 1292; x_wconf 85' lang='lat' dir='ltr'>manua</span> 
     </span>
     <span class='ocr_line' id='line_1_15' title="bbox 101 1311 920 1392; baseline 0.001 -22"><span class='ocrx_word' id='word_1_85' title='bbox 101 1311 171 1392; x_wconf 85' lang='lat' dir='ltr'>ejua</span> <span class='ocrx_word' id='word_1_86' title='bbox 182 1311 281 1370; x_wconf 86' lang='lat' dir='ltr'>vinum</span> <span class='ocrx_word' id='word_1_87' title='bbox 298 1311 468 1372; x_wconf 75' lang='lat' dir='ltr'>vulneribus</span> <span class='ocrx_word' id='word_1_88' title='bbox 481 1312 656 1382; x_wconf 76' lang='lat' dir='ltr'>instillanda,</span> <span class='ocrx_word' id='word_1_89' title='bbox 669 1313 796 1370; x_wconf 88' lang='lat' dir='ltr'>animam</span> <span class='ocrx_word' id='word_1_90' title='bbox 812 1313 920 1371; x_wconf 84' lang='lat' dir='ltr'>efflant.</span> 
     </span>
     <span class='ocr_line' id='line_1_16' title="bbox 102 1391 920 1466; baseline -0.002 -15"><span class='ocrx_word' id='word_1_91' title='bbox 102 1393 192 1451; x_wconf 88' lang='lat' dir='ltr'>Unua</span> <span class='ocrx_word' id='word_1_92' title='bbox 205 1403 235 1448; x_wconf 90' lang='lat' dir='ltr'>et</span> <span class='ocrx_word' id='word_1_93' title='bbox 257 1391 360 1466; x_wconf 84' lang='lat' dir='ltr'>viginti</span> <span class='ocrx_word' id='word_1_94' title='bbox 381 1409 505 1449; x_wconf 82' lang='lat' dir='ltr'>nurnero</span> <span class='ocrx_word' id='word_1_95' title='bbox 528 1392 642 1450; x_wconf 85' lang='lat' dir='ltr'>barbari</span> <span class='ocrx_word' id='word_1_96' title='bbox 662 1392 819 1450; x_wconf 84' lang='lat' dir='ltr'>desiderati</span> <span class='ocrx_word' id='word_1_97' title='bbox 842 1402 920 1462; x_wconf 66' lang='lat' dir='ltr'>sunta</span> 
     </span>
     <span class='ocr_line' id='line_1_17' title="bbox 99 1469 918 1548; baseline 0.002 -19"><span class='ocrx_word' id='word_1_98' title='bbox 99 1489 156 1529; x_wconf 89' lang='lat' dir='ltr'>nec</span> <span class='ocrx_word' id='word_1_99' title='bbox 170 1471 344 1530; x_wconf 78' lang='lat' dir='ltr'>vulneratus</span> <span class='ocrx_word' id='word_1_100' title='bbox 353 1471 473 1548; x_wconf 87' lang='lat' dir='ltr'>quidem</span> <span class='ocrx_word' id='word_1_101' title='bbox 487 1472 568 1530; x_wconf 79' lang='lat' dir='ltr'>ullus</span> <span class='ocrx_word' id='word_1_102' title='bbox 582 1469 659 1529; x_wconf 84' lang='lat' dir='ltr'>inter</span> <span class='ocrx_word' id='word_1_103' title='bbox 673 1471 800 1529; x_wconf 75' lang='lat' dir='ltr'>victores</span> <span class='ocrx_word' id='word_1_104' title='bbox 813 1470 918 1531; x_wconf 86' lang='lat' dir='ltr'>suerat.</span> 
     </span>
    </p>
   </div>
   <div class='ocr_carea' id='block_1_3' title="bbox 175 1787 864 1850">
    <p class='ocr_par' dir='ltr' id='par_1_5' title="bbox 175 1787 864 1850">
     <span class='ocr_line' id='line_1_18' title="bbox 175 1787 864 1850; baseline -0.003 0"><span class='ocrx_word' id='word_1_105' title='bbox 175 1790 321 1850; x_wconf 86' lang='lat' dir='ltr'><strong>CAPUT</strong></span> <span class='ocrx_word' id='word_1_106' title='bbox 343 1787 600 1849; x_wconf 87' lang='lat' dir='ltr'>VlGESlMUM</span> <span class='ocrx_word' id='word_1_107' title='bbox 623 1788 864 1848; x_wconf 85' lang='lat' dir='ltr'>SEPTIMUM.</span> 
     </span>
    </p>
   </div>
   <div class='ocr_carea' id='block_1_4' title="bbox 100 1950 918 2086">
    <p class='ocr_par' dir='ltr' id='par_1_6' title="bbox 100 1950 918 2086">
     <span class='ocr_line' id='line_1_19' title="bbox 100 1950 918 2027; baseline -0.005 -17"><span class='ocrx_word' id='word_1_108' title='bbox 100 1950 207 2027; x_wconf 82' lang='lat' dir='ltr'>Ftiday</span> <span class='ocrx_word' id='word_1_109' title='bbox 229 1957 344 2020; x_wconf 77' lang='lat' dir='ltr'>patrem</span> <span class='ocrx_word' id='word_1_110' title='bbox 365 1967 451 2004; x_wconf 83' lang='lat' dir='ltr'>auum</span> <span class='ocrx_word' id='word_1_111' title='bbox 474 1950 788 2020; x_wconf 66' lang='lat' dir='ltr'>inventa-Hiemem</span> <span class='ocrx_word' id='word_1_112' title='bbox 813 1964 918 2008; x_wconf 83' lang='lat' dir='ltr'>narrat</span> 
     </span>
     <span class='ocr_line' id='line_1_20' title="bbox 415 2047 596 2086; baseline 0.011 -2"><span class='ocrx_word' id='word_1_113' title='bbox 415 2047 484 2085; x_wconf 82' lang='lat' dir='ltr'>auoa</span> <span class='ocrx_word' id='word_1_114' title='bbox 498 2047 596 2086; x_wconf 80' lang='lat' dir='ltr'>carue.</span> 
     </span>
    </p>
   </div>
   <div class='ocr_carea' id='block_1_5' title="bbox 84 2188 921 2662">
    <p class='ocr_par' dir='ltr' id='par_1_7' title="bbox 84 2188 921 2582">
     <span class='ocr_line' id='line_1_21' title="bbox 139 2188 919 2264; baseline -0.008 -12"><span class='ocrx_word' id='word_1_115' title='bbox 139 2191 297 2252; x_wconf 79' lang='lat' dir='ltr'>Roataaou</span> <span class='ocrx_word' id='word_1_116' title='bbox 312 2188 440 2264; x_wconf 77' lang='lat' dir='ltr'>cupidus</span> <span class='ocrx_word' id='word_1_117' title='bbox 468 2189 587 2263; x_wconf 80' lang='lat' dir='ltr'>acaplrae</span> <span class='ocrx_word' id='word_1_118' title='bbox 610 2205 701 2264; x_wconf 87' lang='lat' dir='ltr'>quam</span> <span class='ocrx_word' id='word_1_119' title='bbox 722 2189 837 2247; x_wconf 81' lang='lat' dir='ltr'>barbari</span> <span class='ocrx_word' id='word_1_120' title='bbox 851 2189 919 2247; x_wconf 85' lang='lat' dir='ltr'>reli·</span> 
     </span>
     <span class='ocr_line' id='line_1_22' title="bbox 84 2266 918 2348; baseline -0.002 -20"><span class='ocrx_word' id='word_1_121' title='bbox 84 2280 226 2348; x_wconf 68' lang='lat' dir='ltr'>‚querant</span> <span class='ocrx_word' id='word_1_122' title='bbox 247 2267 447 2342; x_wconf 72' lang='lat' dir='ltr'>inspiciendae,</span> <span class='ocrx_word' id='word_1_123' title='bbox 467 2268 503 2325; x_wconf 89' lang='lat' dir='ltr'>ad</span> <span class='ocrx_word' id='word_1_124' title='bbox 525 2285 591 2324; x_wconf 86' lang='lat' dir='ltr'>eam</span> <span class='ocrx_word' id='word_1_125' title='bbox 613 2266 748 2335; x_wconf 82' lang='lat' dir='ltr'>accessit,</span> <span class='ocrx_word' id='word_1_126' title='bbox 761 2280 848 2342; x_wconf 80' lang='lat' dir='ltr'>atque</span> <span class='ocrx_word' id='word_1_127' title='bbox 863 2287 918 2326; x_wconf 91' lang='lat' dir='ltr'>non</span> 
     </span>
     <span class='ocr_line' id='line_1_23' title="bbox 99 2346 919 2424; baseline -0.005 -16"><span class='ocrx_word' id='word_1_128' title='bbox 99 2351 163 2409; x_wconf 86' lang='lat' dir='ltr'>aine</span> <span class='ocrx_word' id='word_1_129' title='bbox 177 2349 285 2424; x_wconf 77' lang='lat' dir='ltr'>magud</span> <span class='ocrx_word' id='word_1_130' title='bbox 307 2347 498 2405; x_wconf 79' lang='lat' dir='ltr'>admiratione</span> <span class='ocrx_word' id='word_1_131' title='bbox 512 2347 541 2404; x_wconf 92' lang='lat' dir='ltr'>in</span> <span class='ocrx_word' id='word_1_132' title='bbox 562 2346 612 2402; x_wconf 82' lang='lat' dir='ltr'>illa</span> <span class='ocrx_word' id='word_1_133' title='bbox 634 2346 746 2405; x_wconf 85' lang='lat' dir='ltr'>invenit</span> <span class='ocrx_word' id='word_1_134' title='bbox 767 2349 919 2404; x_wconf 90' lang='lat' dir='ltr'>hominem</span> 
     </span>
     <span class='ocr_line' id='line_1_24' title="bbox 96 2425 921 2501; baseline -0.005 -13"><span class='ocrx_word' id='word_1_135' title='bbox 96 2429 203 2495; x_wconf 77' lang='lat' dir='ltr'>alium,</span> <span class='ocrx_word' id='word_1_136' title='bbox 217 2427 352 2484; x_wconf 83' lang='lat' dir='ltr'>manibus</span> <span class='ocrx_word' id='word_1_137' title='bbox 363 2426 549 2501; x_wconf 82' lang='lat' dir='ltr'>pedibusque</span> <span class='ocrx_word' id='word_1_138' title='bbox 562 2425 769 2483; x_wconf 79' lang='lat' dir='ltr'>miserabiliter</span> <span class='ocrx_word' id='word_1_139' title='bbox 778 2427 921 2495; x_wconf 82' lang='lat' dir='ltr'>vinctum,</span> 
     </span>
     <span class='ocr_line' id='line_1_25' title="bbox 96 2504 596 2582; baseline -0.012 -16"><span class='ocrx_word' id='word_1_140' title='bbox 96 2517 217 2566; x_wconf 88' lang='lat' dir='ltr'>mortuo</span> <span class='ocrx_word' id='word_1_141' title='bbox 230 2504 320 2582; x_wconf 69' lang='lat' dir='ltr'>quint</span> <span class='ocrx_word' id='word_1_142' title='bbox 336 2505 403 2562; x_wconf 84' lang='lat' dir='ltr'>vivo</span> <span class='ocrx_word' id='word_1_143' title='bbox 414 2505 596 2562; x_wconf 77' lang='lat' dir='ltr'>similiorem.</span> 
     </span>
    </p>

    <p class='ocr_par' dir='ltr' id='par_1_8' title="bbox 142 2583 921 2662">
     <span class='ocr_line' id='line_1_26' title="bbox 142 2583 921 2662; baseline 0 -20"><span class='ocrx_word' id='word_1_144' title='bbox 142 2589 292 2642; x_wconf 78' lang='lat' dir='ltr'>Robinron</span> <span class='ocrx_word' id='word_1_145' title='bbox 313 2585 411 2642; x_wconf 83' lang='lat' dir='ltr'>atatim</span> <span class='ocrx_word' id='word_1_146' title='bbox 433 2584 536 2642; x_wconf 81' lang='lat' dir='ltr'>solutis</span> <span class='ocrx_word' id='word_1_147' title='bbox 550 2583 617 2662; x_wconf 77' lang='lat' dir='ltr'>ejus</span> <span class='ocrx_word' id='word_1_148' title='bbox 631 2585 767 2655; x_wconf 81' lang='lat' dir='ltr'>vinculis,</span> <span class='ocrx_word' id='word_1_149' title='bbox 778 2603 848 2644; x_wconf 92' lang='lat' dir='ltr'>eum</span> <span class='ocrx_word' id='word_1_150' title='bbox 863 2584 921 2642; x_wconf 88' lang='lat' dir='ltr'>eri·</span> 
     </span>
    </p>
   </div>
   <div class='ocr_carea' id='block_1_6' title="bbox 98 2661 1023 2744">
    <p class='ocr_par' dir='ltr' id='par_1_9' title="bbox 98 2661 1023 2744">
     <span class='ocr_line' id='line_1_27' title="bbox 98 2661 1023 2744; baseline 0 -22"><span class='ocrx_word' id='word_1_151' title='bbox 98 2683 172 2744; x_wconf 87' lang='lat' dir='ltr'>gere</span> <span class='ocrx_word' id='word_1_152' title='bbox 188 2665 298 2722; x_wconf 91' lang='lat' dir='ltr'>nititur.</span> <span class='ocrx_word' id='word_1_153' title='bbox 340 2664 399 2722; x_wconf 90' lang='lat' dir='ltr'>llic</span> <span class='ocrx_word' id='word_1_154' title='bbox 423 2661 491 2721; x_wconf 83' lang='lat' dir='ltr'>rerd</span> <span class='ocrx_word' id='word_1_155' title='bbox 513 2681 610 2738; x_wconf 89' lang='lat' dir='ltr'>neque</span> <span class='ocrx_word' id='word_1_156' title='bbox 625 2677 712 2730; x_wconf 76' lang='lat' dir='ltr'>atace,</span> <span class='ocrx_word' id='word_1_157' title='bbox 727 2681 824 2740; x_wconf 90' lang='lat' dir='ltr'>neque</span> <span class='ocrx_word' id='word_1_158' title='bbox 840 2663 922 2738; x_wconf 84' lang='lat' dir='ltr'>loqui</span> <span class='ocrx_word' id='word_1_159' title='bbox 1022 2675 1023 2682; x_wconf 75' lang='grc'>’</span> 
     </span>
    </p>
   </div>
   <div class='ocr_carea' id='block_1_7' title="bbox 96 2735 922 2979">
    <p class='ocr_par' dir='ltr' id='par_1_10' title="bbox 96 2735 922 2979">
     <span class='ocr_line' id='line_1_28' title="bbox 97 2735 921 2822; baseline 0 -20"><span class='ocrx_word' id='word_1_160' title='bbox 97 2735 229 2822; x_wconf 54' lang='lat' dir='ltr'>poterat}</span> <span class='ocrx_word' id='word_1_161' title='bbox 247 2742 385 2802; x_wconf 87' lang='lat' dir='ltr'>flebiliter</span> <span class='ocrx_word' id='word_1_162' title='bbox 396 2741 493 2820; x_wconf 79' lang='lat' dir='ltr'>potitis</span> <span class='ocrx_word' id='word_1_163' title='bbox 501 2743 678 2818; x_wconf 86' lang='lat' dir='ltr'>ingemebat,</span> <span class='ocrx_word' id='word_1_164' title='bbox 689 2737 770 2802; x_wconf 82' lang='lat' dir='ltr'>rattia</span> <span class='ocrx_word' id='word_1_165' title='bbox 779 2743 921 2803; x_wconf 86' lang='lat' dir='ltr'>nimirum</span> 
     </span>
     <span class='ocr_line' id='line_1_29' title="bbox 98 2821 921 2897; baseline -0.007 -14"><span class='ocrx_word' id='word_1_166' title='bbox 98 2843 133 2883; x_wconf 82' lang='lat' dir='ltr'>ec</span> <span class='ocrx_word' id='word_1_167' title='bbox 155 2841 232 2881; x_wconf 89' lang='lat' dir='ltr'>nunc</span> <span class='ocrx_word' id='word_1_168' title='bbox 254 2825 437 2880; x_wconf 84' lang='lat' dir='ltr'>admortem</span> <span class='ocrx_word' id='word_1_169' title='bbox 459 2823 544 2882; x_wconf 84' lang='lat' dir='ltr'>trahi.</span> <span class='ocrx_word' id='word_1_170' title='bbox 585 2821 664 2880; x_wconf 80' lang='lat' dir='ltr'>cum</span> <span class='ocrx_word' id='word_1_171' title='bbox 686 2822 737 2880; x_wconf 88' lang='lat' dir='ltr'>ille</span> <span class='ocrx_word' id='word_1_172' title='bbox 753 2836 841 2897; x_wconf 85' lang='lat' dir='ltr'>gente</span> <span class='ocrx_word' id='word_1_173' title='bbox 855 2823 921 2878; x_wconf 84' lang='lat' dir='ltr'>bar·</span> 
     </span>
     <span class='ocr_line' id='line_1_30' title="bbox 96 2901 922 2979; baseline -0.005 -18"><span class='ocrx_word' id='word_1_174' title='bbox 96 2905 197 2972; x_wconf 81' lang='lat' dir='ltr'>barus,</span> <span class='ocrx_word' id='word_1_175' title='bbox 209 2921 265 2962; x_wconf 93' lang='lat' dir='ltr'>non</span> <span class='ocrx_word' id='word_1_176' title='bbox 284 2915 383 2962; x_wconf 85' lang='lat' dir='ltr'>autent</span> <span class='ocrx_word' id='word_1_177' title='bbox 407 2901 576 2979; x_wconf 84' lang='lat' dir='ltr'>Europaeua</span> <span class='ocrx_word' id='word_1_178' title='bbox 589 2915 680 2971; x_wconf 77' lang='lat' dir='ltr'>earet,</span> <span class='ocrx_word' id='word_1_179' title='bbox 703 2905 853 2958; x_wconf 78' lang='lat' dir='ltr'>Robinaon</span> <span class='ocrx_word' id='word_1_180' title='bbox 874 2919 922 2957; x_wconf 82' lang='lat' dir='ltr'>ao·</span> 
     </span>
    </p>
   </div>
   <div class='ocr_carea' id='block_1_8' title="bbox 97 2982 1022 3062">
    <p class='ocr_par' dir='ltr' id='par_1_11' title="bbox 97 2982 1022 3062">
     <span class='ocr_line' id='line_1_31' title="bbox 97 2982 1022 3062; baseline 0.001 -22"><span class='ocrx_word' id='word_1_181' title='bbox 97 2982 180 3042; x_wconf 89' lang='lat' dir='ltr'>cium</span> <span class='ocrx_word' id='word_1_182' title='bbox 202 2994 288 3044; x_wconf 80' lang='lat' dir='ltr'>vocat</span> <span class='ocrx_word' id='word_1_183' title='bbox 307 2993 493 3044; x_wconf 85' lang='lat' dir='ltr'>mortuorunt</span> <span class='ocrx_word' id='word_1_184' title='bbox 507 3001 630 3059; x_wconf 86' lang='lat' dir='ltr'>corpora</span> <span class='ocrx_word' id='word_1_185' title='bbox 652 2993 874 3060; x_wconf 78' lang='lat' dir='ltr'>congerentem,</span> <span class='ocrx_word' id='word_1_186' title='bbox 887 2989 921 3038; x_wconf 88' lang='lat' dir='ltr'>ut</span> <span class='ocrx_word' id='word_1_187' title='bbox 1021 2997 1022 3062; x_wconf 58' lang='lat' dir='ltr'>l</span> 
     </span>
    </p>
   </div>
   <div class='ocr_carea' id='block_1_9' title="bbox 0 0 1038 3278">
    <p class='ocr_par' dir='ltr' id='par_1_12' title="bbox 0 0 1038 3278">
     <span class='ocr_line' id='line_1_32' title="bbox 0 0 1038 3278; baseline 0 0"><span class='ocrx_word' id='word_1_188' title='bbox 0 0 1038 3278; x_wconf 95' lang='lat' dir='ltr'> </span> 
     </span>
    </p>
   </div>
  </div>
 </body>
</html>
