2068 3278
154 225 205 274 142
387 233 537 274 nonrnsos
559 220 725 275 onosoaus.

151 323 252 384 salutis
275 323 331 379 via.
373 323 496 380 Interim
520 321 601 380 fabro
616 323 739 399 lignario
761 324 913 382 mandatur
934 337 967 384 ut
1016 333 1017 392 g

149 405 269 467 alterius
285 404 403 474 scaplrae
418 401 572 476 perforatae
587 405 714 460 carinam
730 401 852 458 reliciat.
887 405 965 462 'lum

149 485 239 540 altera
256 483 405 553 praefecto,
417 484 507 536 altera
523 481 712 556 gubernatori
728 482 860 548 traditur,
874 484 967 540 nautis

134 561 224 626 ,inter
239 575 400 636 utrumque
415 560 524 628 divisis,
538 561 696 635 cunctique
708 571 850 635 apparatu
862 563 966 618 bellico
1016 583 1017 592 ¹

148 639 286 699 instructi
301 643 365 698 vela
375 639 494 696 faciunt.

191 722 336 776 Robinson
353 717 440 795 cujus
452 717 566 776 fortuna
579 735 617 774 ex
632 728 737 774 eventu
752 717 842 795 hujus
854 717 966 792 incoep·

148 797 171 857 ti
186 799 339 873 pendebat,
354 798 432 853 tanta
448 797 535 853 animi
555 797 771 870 perturbatione
795 797 966 854 sollicitudi-

146 895 243 952 neque
258 877 431 951 agitabatur,
446 890 478 932 ut
493 887 570 932 stare
586 879 650 932 loco
673 877 810 944 nescirem
836 895 916 934 nunc
937 877 963 933 in

142 959 291 1030 spelunca
306 957 418 1022 sedere,
429 973 506 1010 nunc
517 955 545 1010 in
558 957 667 1012 collem
678 957 850 1022 ascendere,
861 969 891 1012 et
900 955 967 1030 quia

143 1047 236 1092 noctu
251 1036 405 1092 oculorum
419 1036 553 1091 cessabat
568 1051 650 1100 usus,
672 1033 793 1090 auribus
808 1044 929 1109 captare
945 1033 967 1090 si

146 1112 220 1172 forte
236 1114 373 1190 aliquide
387 1131 460 1170 nare
474 1113 597 1170 audiret.
641 1115 819 1187 Augebatur
833 1113 964 1185 solicitu-

147 1193 184 1250 do
198 1193 405 1268 expectatione
420 1192 497 1267 signi
508 1194 545 1248 de
557 1209 618 1266 quo
630 1191 708 1248 inter
716 1209 767 1248 eos
781 1204 965 1256 convenerat.

147 1271 274 1347 Triplex
292 1271 407 1350 scilicet
421 1271 556 1346 explosio
567 1271 696 1328 nondum
711 1271 810 1330 audita
824 1281 899 1339 erat.
912 1271 968 1328 etsi

145 1352 245 1410 media
257 1363 343 1408 nocte
357 1351 522 1426 ingruente.

186 1431 227 1490 Et
238 1429 300 1510 jam
317 1429 495 1505 epistomnis
508 1428 627 1495 abierat,
640 1429 710 1492 cum
724 1427 824 1488 subito
842 1428 877 1493 fit
887 1428 969 1492 rsoni·

129 1512 132 1517 ’
145 1519 195 1570 tus
207 1512 226 1570 ἑ
240 1509 391 1585 longique.
433 1511 583 1566 Robinson
595 1505 714 1584 quesiti
729 1526 834 1568 camno
845 1506 968 1583 repente

146 1590 306 1658 excitatus,
320 1607 408 1646 aures
422 1589 519 1662 erigit.
562 1587 704 1662 Sequitur
718 1589 816 1651 ¹altera
831 1587 970 1662 expletio

145 1680 175 1724 et
190 1669 294 1727 deinde
309 1669 403 1725 tertia.
428 1669 535 1725 'Nunc
558 1677 669 1724 constat
691 1685 797 1724 navem
821 1684 891 1724 esse
917 1685 969 1724 ex-

144 1759 317 1822 pugnatam
330 1763 406 1803 nunc
418 1744 500 1804 certo
510 1747 538 1804 in
551 1745 703 1820 Europam
714 1745 907 1819 prolecturus
916 1757 969 1804 eat.

99 1857 104 1866 ·
145 1825 228 1882 Tum
244 1843 347 1882 amens
361 1825 463 1884 taetir'ra
476 1827 623 1892 devolare,
634 1827 759 1881 *socium
781 1825 811 1880 in
831 1825 971 1900 gramine

145 1905 339 1962 recubantem
352 1905 497 1972 excitare,
511 1905 663 1976 amplecti,
676 1905 782 1968 duride
803 1905 841 1960 ad
865 1909 971 1961 arcem

145 1999 278 2050 currere,
293 1983 481 2057 sarcinasque
502 1983 609 2056 raptim
629 1981 782 2056 colligere.
822 1981 883 2039 Die
899 2001 971 2040 non·

145 2062 218 2120 dum
232 2074 346 2129 exorto,
359 2062 394 2118 ad
408 2062 515 2120 collem
527 2079 631 2118 rursus
644 2072 793 2135 properat,
806 2058 907 2136 eoqtre
920 2062 971 2118 ubi

145 2141 227 2198 navis
240 2141 267 2198 iu
282 2139 417 2198 atrebaris
433 2141 526 2196 stabat
540 2141 644 2196 oculos
652 2139 784 2206 intendit,
794 2141 898 2198 lucem
911 2141 971 2198 diei
1016 2149 1017 2158 ¹

146 2222 265 2294 plenam
279 2229 452 2294 expectatam
467 2237 501 2274 ac
514 2217 597 2275 brevi
620 2218 765 2292 conspicit
790 2218 971 2291 praefectum

144 2299 238 2365 naris,
252 2301 360 2354 collem
375 2297 522 2354 nonnullis
543 2297 643 2371 ipsum
670 2297 880 2354 comitantibus
903 2315 979 2355 con·.

143 2380 342 2436 scendentern.
386 2379 532 2432 noeman
556 2393 614 2432 uno
632 2373 749 2448 impetu
770 2375 840 2453 ejus
860 2376 973 2434 inam·

143 2459 254 2590 plexus
276 2457 417 2532 provolat.
460 2457 542 2512 *sum
557 2453 719 2527 praefectus
732 2466 831 2511 narrat
847 2473 880 2510 se
897 2473 972 2512 nave

155 2535 271 2592 eliciter
291 2536 451 2592 admodum
478 2533 603 2607 potitum
627 2549 702 2598 ease,
723 2533 842 2590 nemine
857 2535 973 2603 occiso,

142 2629 199 2671 nec
214 2615 365 2670 vulnerato
378 2612 510 2689 quidemr
533 2611 648 2668 scilicet
669 2613 798 2668 obscura
817 2627 909 2670 nocte
934 2615 973 2670 ita

140 2691 288 2758 euenisse,
302 2706 333 2746 ut
348 2710 402 2748 nec
416 2702 628 2766 agnosceretur
650 2691 724 2763 ipse,
738 2709 793 2748 nec
810 2692 943 2749 comites
958 2691 973 2748 ri

143 2785 217 2826 nave
233 2769 466 2842 prohiberentur.
508 2769 797 2826 Turbulentisaimos
815 2772 973 2834 seditionis

141 2861 280 2906 auctores
293 2845 346 2902 sibi
358 2846 478 2920 quidem
493 2848 653 2915 obstitisse,
666 2862 770 2922 captos
782 2847 856 2904 vert>
869 2850 901 2906 in
913 2851 973 2906 vin·

143 2927 211 2982 cula
225 2924 316 2982 luisse
331 2923 491 3002 conjectos.
512 2933 516 2938 '
534 2927 591 2982 llis
605 2926 702 2996 dictis,
723 2929 806 2984 cibos
819 2929 971 3002 quosdam
