2068 3278
326 213 483 259 nonrnsou
504 217 675 259 onusoaus.
857 207 910 262 tn

93 309 263 386 Europaeos
294 309 507 385 dominumque
534 301 911 384 inprimis'venerationem

91 389 272 469 injecerunt,
285 402 315 446 ut
332 409 384 464 per
394 392 506 446 multos
521 389 584 446 dies
599 406 667 445 cum
680 408 715 446 eo
730 389 913 450 familiariter

92 487 148 542 pro
162 487 245 526 more
260 471 372 525 versari
386 487 441 526 non
457 470 589 524 auderet.
631 467 708 525 Cum
722 487 779 526 nox
791 484 911 548 appete-

8 577 9 582 *
92 557 150 617 ret,
164 549 211 606 hic
225 546 280 606 fuit
295 547 467 605 laetissimus
477 545 569 624 hujus
580 545 638 604 diei
650 548 757 606 exitus.
790 614 792 621 s

378 709 381 718 i
431 731 567 761 3:32

167 865 313 924 CAPUT
334 861 590 922 VIGESIMUM
613 865 833 938 QUINTUM.

92 1019 200 1099 Fritlay
211 1035 315 1079 seruat
324 1023 678 1092 mnasonem-opero
695 1027 789 1080 littore
799 1029 913 1084 domum

133 1107 262 1160 advecta
278 1105 389 1158 auxilio
406 1114 484 1159 canta
498 1113 525 1155 et
537 1105 912 1164 laurarum—Munimentu

133 1189 197 1239 arci
209 1180 507 1316 adcinge-Robinson
518 1181 610 1252 saber
623 1183 731 1252 sacrus
746 1190 774 1238 et
786 1189 913 1258 agricola

133 1268 209 1317 vivit
225 1263 289 1316 beat
308 1302 315 1316 .

136 1415 331 1479 Dunoronan
342 1435 505 1493 nunquam,
518 1435 556 1475 ex
572 1434 631 1494 quo
644 1417 673 1496 in
688 1417 785 1477 insula
805 1420 932 1484 habita.

93 1500 155 1566 bat,
170 1515 305 1558 somnum
321 1507 440 1574 ceperat
456 1499 616 1565 Robinson,
637 1495 724 1573 quam
742 1499 796 1555 bac
818 1513 914 1572 nocte;

93 1578 208 1656 quippe
222 1577 274 1654 qui
288 1579 365 1636 tanta
378 1593 526 1652 nunquam
543 1595 615 1634 usus
627 1589 703 1632 esset
724 1575 873 1636 felicitate.

137 1657 279 1732 Sequenti
293 1675 378 1715 mane
392 1667 528 1730 surgunt,
549 1657 649 1731 copias
664 1655 691 1712 in
706 1675 825 1734 nemore
847 1677 914 1716 con·

94 1735 171 1795 ditas
186 1735 288 1794 multis
301 1735 461 1794 ramalibus
475 1748 588 1810 tegunt.
602 1755 637 1792 ne
650 1733 723 1792 forte
738 1738 839 1810 pluvia
850 1756 914 1796 cor-

95 1828 281 1892 rumpantur.
317 1816 398 1872 Tun.
414 1815 488 1872 mari
500 1813 628 1890 primum
642 1815 807 1884 recedente,
819 1829 914 1874 ratem

94 1897 181 1972 aquis
190 1893 387 1961 committunt,
396 1896 431 1950 ad
440 1912 545 1951 navem
558 1897 690 1969 scopulis
701 1893 806 1951 illisam
818 1893 913 1954 denuo

95 1973 258 2039 accessuri,
269 1985 298 2032 et
309 1973 352 2030 sic
366 1991 418 2048 per
432 1993 485 2030 sex
499 1975 562 2031 dies
574 1974 727 2032 continuos
739 1993 772 2030 ac
787 1974 831 2032 bis
843 1989 915 2050 quo-

95 2052 178 2121 tidie,
193 2053 336 2128 quidquid
351 2049 451 2108 enare
466 2054 558 2127 abripi
574 2067 687 2126 poterat
698 2069 802 2110 secum
818 2055 853 2110 ad
868 2055 915 2112 lit·

9 2151 11 2164 ’
95 2145 146 2190 ttts
159 2134 343 2189 transierunt.
376 2129 527 2188 Permulta
540 2150 608 2206 qnae
620 2151 673 2188 nos
686 2133 766 2206 parri
781 2129 917 2204 iacimus,

96 2223 130 2270 ut
144 2209 212 2286 pote
226 2227 329 2268 eorum
347 2212 499 2285 penuriam
515 2227 665 2286 nunquam
680 2211 806 2284 experti,
824 2229 855 2267 ea
872 2213 915 2270 illi

95 2289 254 2367 permagni
267 2290 447 2348 aestimantes
462 2291 652 2354 abstulerunt,
666 2289 770 2346 additis
785 2291 915 2367 quinque

95 2370 250 2427 tormentis
263 2369 378 2426 betlicis
393 2371 587 2444 omnibusque
599 2367 784 2426 ferramentis
792 2387 860 2444 quae
872 2371 915 2428 inl
1025 2391 1026 2396 ¹

95 2448 192 2507 veniri
206 2462 255 2505 aut
270 2445 285 2503 ὲ
300 2465 372 2504 nave
388 2447 504 2504 extrahi
518 2459 659 2522 poterant.

137 2527 273 2600 Quadam
287 2528 333 2583 die
345 2525 412 2583 crlrn
426 2525 455 2582 in
469 2527 595 2583 insulam
610 2521 774 2594 rediissent,
787 2530 916 2588 tenebris

95 2607 218 2673 obortis,
237 2609 384 2661 Robinson
396 2606 531 2680 lampade
546 2609 670 2662 accensa
683 2605 793 2680 scripta
802 2608 830 2664 in
842 2627 915 2666 nare

96 2699 216 2764 reperta
230 2685 367 2760 perlegit,
389 2696 421 2741 ut
435 2683 502 2740 inde
516 2696 710 2760 cognosceret
727 2685 815 2764 cnjus
837 2699 917 2744 esset

96 2767 150 2824 illa
165 2763 259 2830 naris,
273 2777 301 2819 et
315 2761 374 2838 quo
391 2763 441 2819 illa
464 2765 644 2822 tetendisset.
686 2765 800 2821 invenit
816 2763 930 2842 autem·

96 2863 155 2902 non
179 2845 240 2900 sinc
256 2861 363 2918 magno
376 2843 487 2908 dolore,
510 2844 563 2900 ista
586 2859 720 2900 sermone
739 2843 793 2900 sibi
816 2841 920 2920 ignoto

98 2923 296 2998 scriptaesse.
337 2919 527 2996 Quantopere
551 2939 638 2992 nunc,
659 2921 715 2979 etsi
727 2923 816 2979 nimis
839 2921 917 2992 sero,
942 2939 944 2945 ’
