2048 3288
96 205 133 262 38
334 217 495 273 ιιοιιιιιιοιι
514 219 690 262 uauausus.

19 359 21 362 .
95 309 175 368 euim
189 307 269 366 aliud
284 309 464 384 susciperet?
478 327 577 386 neque
592 306 664 367 verd
678 308 722 366 illi
736 307 859 388 placuit,
869 325 927 368 uec
1018 365 1019 378 ,

95 390 181 450 licuit
195 406 262 446 esse
277 387 380 446 otioso.

136 469 274 543 erbdam
297 468 395 526 diem
416 479 548 526 mentem
572 469 601 527 ei
621 468 701 528 venit
723 487 767 539 se,
789 467 931 544 qudmvis

94 549 158 630 jam
174 549 248 606 diu'
241 567 270 607 ιιι
283 547 379 607 insuta
392 549 449 606 istd
465 549 618 618 habitaret,
631 567 687 606 nun
702 547 758 608 nisi
773 549 931 642 minimam

96 643 219 705 partem
228 630 325 688 adbuc
340 630 525 722 exploresse.
563 629 691 720 Objecit
705 629 761 688 sibi
784 642 817 688 ut
839 627 932 688 animi

95 710 214 778 vitium,
225 709 364 768 timorem
379 710 472 767 istum
486 727 548 785 quo
562 707 726 785 impeditus
742 709 872 768 insulam
887 719 932 766 to-

95 799 157 848 tam
172 790 303 848 nondum
329 791 512 866 peragrimt.
552 787 722 882 Forsan,
698 809 723 848 ar
748 788 847 848 mimis
871 807 932 865 ego

95 869 220 928 timidus
234 867 370 937 fuissem,
383 869 496 927 multa
490 868 670 928 invenissem
684 888 754 946 quae
765 873 845 961 nun'c
857 867 933 928 mibi

95 949 241 1008 maximae
256 960 357 1006 esseut
371 948 499 1008 utilitati.
1019 1001 1020 1020 ἶ

137 1029 342 1105 Quaequidenr
364 1029 507 1104 cogitatio
521 1029 654 1088 animum
682 1030 883 1086 Rubinaom's'
875 1049 933 1089 rm·
1019 1035 1020 1062 ³

29 1161 31 1165 ,
96 1109 174 1185 pulit
189 1122 222 1167 ut
236 1106 318 1167 illico
334 1120 478 1166 statueret
492 1108 633 1184 proximu
649 1127 736 1168 mane
750 1110 779 1170 in
802 1109 881 1170 vium
898 1127 933 1168 sc

73 1213 75 1216 ·
97 1186 243 1260 conferre,
263 1206 361 1266 eoque
375 1189 442 1264 ipso
456 1188 505 1246 die
518 1189 618 1248 omnia
633 1191 669 1248 ad
683 1191 740 1248 iter
751 1189 932 1249 iaciendum

15 1299 17 1303 ·
96 1269 221 1345 paravit.

137 1347 293 1416 Postridie,
306 1358 371 1408 ortu
382 1349 456 1419 sole,
469 1346 554 1406 ιιιιοὲ
569 1349 657 1408 lamis
670 1359 800 1426 quatuor
812 1350 933 1410 dicrum

96 1429 180 1497 victu
200 1439 330 1497 onerato,
353 1429 446 1488 armis
466 1427 534 1504 ipse
555 1427 687 1499 indutus,
713 1442 872 1506 postquam
898 1449 932 1488 se

96 1509 159 1568 Dei
179 1510 283 1568 tutelae
308 1509 591 1579 commendavisset,
613 1509 715 1568 fidenti
729 1509 829 1570 animo
851 1509 932 1568 viam

96 1589 252 1665 ingressus
271 1599 326 1648 est.
368 1590 541 1660 Constituit,
565 1587 711 1667 quanttlm
732 1590 797 1648 lieri
821 1601 934 1668 posset,

30 1699 33 1712 ·
96 1668 182 1728 littus
196 1667 302 1744 sequi,
305 1686 362 1728 nec
376 1672 577 1743 sylvestribus
596 1671 670 1729 locis
686 1688 718 1728 se
732 1671 934 1778 committere,

96 1765 134 1807 ue
148 1749 179 1814 in
193 1747 272 1806 feras
286 1748 441 1806 incideret.

47 1851 51 1860 ·
137 1832 186 1888 Ac
201 1827 361 1904 primodie
381 1828 495 1887 nihil
468 1849 497 1888 er
518 1830 548 1888 in
562 1830 669 1889 itinere
683 1831 792 1890 accidit
815 1849 933 1889 memu-
1020 1861 1021 1868 ι

97 1910 234 1967 randum.
277 1909 339 1968 Sex
354 1909 493 1968 milliaria
506 1910 627 1968 circiter
641 1929 678 1969 eo
689 1909 737 1969 die
752 1910 890 1980 confecit,
902 1921 934 1968 et

97 2007 159 2065 quo
173 1987 292 2065 longids
315 1990 573 2065 progrediebatur,
589 1988 626 2048 ed
649 1989 761 2050 cerritis
783 1992 935 2066 comperit

97 2087 132 2126 se
151 2069 181 2126 in
206 2069 394 2128 sterilissimb
416 2068 523 2129 insulae
547 2067 638 2146 parto
655 2073 760 2138 sedern
783 2073 934 2147 posuisse;

3 2205 4 2226 ἓ
97 2149 203 2208 multis
214 2148 355 2208 nimirdm
369 2149 399 2207 in
415 2151 489 2208 locis
503 2153 625 2210 arbores
638 2152 748 2210 invenit
759 2151 841 2210 vario
852 2149 934 2210 fruc·

3 2251 4 2272 ³
97 2238 185 2302 tuum
201 2247 314 2306 genere
332 2231 524 2302 abundantes,
538 2233 616 2290 unde
639 2232 753 2290 victum
773 2251 831 2290 nun
855 2233 935 2290 salu·

99 2309 184 2366 brem
210 2307 307 2367 minias
331 2307 422 2385 qualm
448 2310 618 2389 jucundum
649 2323 751 2386 petere
776 2313 935 2388 potuisset.

98 2389 220 2446 Horum
235 2387 339 2464 postea
353 2407 426 2448 usus
439 2392 619 2483 nominaque
633 2391 744 2450 didicit.
891 2449 894 2456 ,

139 2469 272 2526 Primam
287 2481 406 2528 noctem
423 2473 597 2526 Robinson'
590 2491 619 2528 ιιι
635 2473 739 2530 arbore
751 2471 825 2549 egit,
836 2483 870 2530 ut
885 2483 935 2531 tu·

98 2558 148 2606 tus
160 2569 178 2606 a
166 2547 263 2606 feris
277 2561 366 2618 esset;
382 2563 412 2609 et
426 2553 547 2626 postera
559 2551 626 2610 die'
618 2563 674 2612 tter
687 2563 867 2628 persecutus
878 2564 935 2618 cat

97 2629 129 2690 N
132 2645 168 2686 ec
183 2629 314 2688 multum
338 2631 395 2689 viae
410 2630 590 2702 confecerat,
613 2631 683 2692 edm
699 2643 868 2692 extromum
890 2632 936 2690 iu·

99 2709 177 2778 sulae
194 2720 311 2800 partem
323 2709 430 2770 versus
443 2712 601 2772 meridiem
616 2713 723 2790 attigit.
746 2713 853 2771 Solum
863 2730 937 2772 non·

98 2787 211 2869 nullis'
203 2806 234 2850 ιιι
248 2789 322 2848 locis
336 2801 401 2853 erat
414 2809 583 2868 arenosum.
626 2793 710 2852 Dum
725 2805 828 2852 sutem
841 2793 938 2852 tendit

97 2865 148 2928 ad
150 2879 280 2928 tractum
295 2880 387 2930 terrae
400 2871 430 2928 in
445 2889 528 2930 mare
543 2884 783 2948 procurrentem,
795 2891 868 2930 ecce
882 2891 938 2948 pe

125 2968 170 3009 m
194 2948 253 3008 fert
275 2947 367 3021 retrd;
395 2962 461 3014 tum
486 2955 665 3028 pallescere,
692 2953 939 3024 contremiscere,

160 3031 203 3090 'us
220 3023 436 3104 circumferre,
460 3045 491 3092 et
512 3033 611 3093 subito
627 3035 745 3094 haerere
769 3033 855 3110 quasi
878 3031 939 3092 ful·
