2048 3288
113 173 145 225 ll
341 179 497 226 nontuson
520 183 688 226 consonus.

107 277 240 345 flectere,
252 295 363 352 eosque
380 278 529 334 interram
544 297 652 334 novom
667 287 863 353 transportare
877 277 929 336 ubi

106 361 242 432 sperabat
255 356 329 425 fore,
343 370 375 414 ut
390 375 455 414 sese
468 358 590 415 offerret
600 359 805 431 opportunitas
816 357 844 414 in
856 357 930 415 Gal·

104 437 173 494 liam
191 456 260 493 cum
285 436 481 510 piscatoribus
502 437 663 493 asellorum
688 436 839 494 redeundi.
883 435 927 494 Εὸ

101 515 195 590 igitur
209 534 333 573 cursum
349 516 467 582 direxit,
489 513 620 591 cumque
642 515 818 582 advenisset,
838 533 929 573 naves
1016 585 1017 588 Ἴ

102 595 227 667 gallicas
240 608 344 652 nactus
359 605 405 650 est
419 613 488 670 quae
502 595 628 650 miseros
639 605 827 670 receperunt.
870 593 929 652 His
1016 621 1017 662 1

101 675 232 748 peractis
245 676 303 734 iter
316 692 404 730 suum
422 677 457 729 ad
478 676 623 728 Guineam
641 687 819 748 prosecutus
832 685 886 731 cst.

142 754 224 810 Tum
246 754 328 810 navis
342 752 501 810 celerrimo
523 769 612 808 cursu
640 771 731 828 aquas
755 763 847 821 secan
869 755 929 828 quit

100 833 257 908 navigandi
271 832 426 888 velocitate
444 833 592 886 Robinson
608 843 708 889 noster
732 830 807 888 mite
828 832 929 888 delec-

100 924 180 970 tatus
194 924 249 968 est.
294 913 364 968 Post
378 911 491 985 aliquot
504 911 568 967 dies
580 929 652 968 ecce
665 929 805 986 magnam
820 929 928 969 navem

101 991 297 1066 conspiciunt,
312 992 347 1047 ad
363 1008 394 1046 se
409 990 589 1046 tendentem.
631 991 707 1048 Mox
724 987 793 1046 verb
805 993 930 1049 audiunt

102 1071 230 1128 sonitum
244 1082 461 1127 tormentorum
484 1069 609 1142 periculi
633 1069 766 1126 instantis
789 1069 929 1142 indicem,

101 1163 132 1208 et
148 1151 386 1208 animadvertunt
406 1167 513 1205 navem
529 1166 596 1206 esse
611 1151 729 1207 duobus
744 1149 831 1205 malis
845 1150 931 1206 orba·

101 1241 172 1288 tam.
214 1229 293 1286 Cum
305 1229 341 1285 ad
353 1247 419 1285 eam
435 1225 558 1300 propitls
569 1229 774 1294 accessissent,
788 1228 879 1302 quiin
894 1232 932 1287 eb
1015 1255 1017 1266 ⁴

102 1311 293 1374 vehebantur,
309 1307 432 1365 sublatis
447 1305 594 1376 manibus,
608 1307 816 1365 miserabiliter
829 1309 930 1365 excla-
1009 1341 1014 1350 ι

101 1401 192 1446 mant:
224 1387 348 1446 Servate
369 1384 504 1443 infelices
518 1387 629 1462 quibus
642 1386 781 1444 omnibus
802 1403 931 1463 pereun-

103 1469 175 1528 dum
191 1481 246 1534 est,
267 1467 322 1524 nisi
338 1485 389 1524 vos
405 1483 508 1523 corum
524 1466 688 1523 miserebit.

144 1549 226 1605 'lum
240 1566 280 1604 ex
296 1547 332 1602 iis
346 1545 508 1622 quaesitum
523 1558 569 1604 est
581 1546 657 1622 'quid
673 1544 744 1602 nrali
758 1544 929 1602 accidisset?

103 1625 234 1700 Quidam
251 1623 371 1682 verbex
386 1625 445 1681 illis
459 1627 503 1682 sic
517 1644 605 1702 orsus
618 1635 673 1681 est:

142 1706 236 1780 Angli
250 1722 365 1772 sumus,
380 1722 418 1760 ex
434 1705 530 1762 insula
544 1706 686 1768 Jamatco,
703 1703 835 1762 sacchari
859 1721 931 1762 vec·

8 1825 9 1828 ¹
101 1796 200 1842 turam
215 1785 283 1840 intle
297 1784 489 1858 deportaturi.
530 1784 575 1840 Ibi
592 1785 664 1840 dum
678 1786 762 1842 navis
774 1795 865 1842 staret
879 1803 932 1842 an·
1015 1807 1016 1814 ¹

101 1864 200 1921 eboris
215 1863 345 1938 alligate,
361 1861 522 1936 praefectus
533 1881 603 1920 cum
617 1865 815 1938 gubernatore
829 1864 858 1922 in
869 1876 932 1922 ter·

102 1962 165 2002 ram
180 1942 345 2018 descendit,
366 1945 401 1998 ad
418 1959 537 1999 merces
556 1942 671 2018 aliquas
684 1943 808 2019 insuper
828 1961 932 2002 emen·

102 2023 164 2080 das.
1014 2029 1015 2032 ’

108 2165 111 2172 ,
143 2100 260 2160 Interea
284 2111 388 2160 exorta
405 2112 450 2159 est
473 2099 647 2177 tempestas,
671 2113 751 2162 tanto
773 2120 843 2160 curn
866 2113 932 2160 tur·

101 2181 179 2250 bine,
203 2194 236 2239 ut
249 2181 319 2240 lune
341 2181 487 2256 disrupto,
508 2183 590 2240 navis
605 2199 644 2239 ex
670 2195 758 2257 portu
783 2183 812 2240 in
834 2184 931 2240 altum

101 2263 330 2337 propelleretur.
372 2263 554 2336 Tempestas
576 2263 633 2318 ista
653 2273 715 2319 tres
728 2261 792 2318 dies
812 2274 933 2319 noctes·
1013 2255 1014 2260 ἵ

101 2360 161 2417 que
176 2341 283 2410 saeviit;
298 2355 363 2398 turn
378 2342 465 2398 malis
476 2342 613 2398 omnibus
627 2341 754 2408 amissis,
766 2353 886 2401 centum
899 2353 932 2400 et

101 2423 189 2496 plura
203 2421 339 2478 milliaria
353 2421 468 2494 abrepti
491 2439 605 2478 sumus.
648 2421 777 2478 Accedit
795 2422 832 2480 ad
854 2423 932 2478 hanc

99 2514 231 2558 nostram
246 2501 446 2558 calamitatem
461 2498 541 2575 qubd
562 2517 650 2558 nemo
665 2513 834 2558 nostrorum
857 2502 934 2558 artis

99 2580 228 2637 nauticae
254 2580 369 2654 peritus
383 2579 430 2647 sit;
446 2598 553 2637 novem
574 2580 637 2658 jam
662 2581 794 2654 integras
818 2581 931 2640 bebdo-

100 2659 205 2716 tnades
227 2660 294 2715 binc
310 2672 339 2716 et
353 2659 421 2716 inde
442 2659 555 2737 jactati,
579 2657 693 2718 victum
715 2678 836 2718 omnem
859 2677 931 2716 con-

99 2737 296 2874 {umpsimutn
320 2749 350 2795 et
370 2739 464 2797 nostri
487 2739 624 2816 plerique
646 2739 747 2818 jacent
771 2739 850 2798 farne
874 2755 933 2796 ex·

122 2818 209 2875 austi.

127 2896 241 2956 =llonus
255 2896 355 2973 itaque
370 2896 533 2972 praelectus
551 2900 649 2958 statim
665 2901 802 2975 cymbam
817 2899 933 2973 exponi

97 2972 198 3052 jussit,
212 2980 426 3056 assumptaque
443 2995 550 3069 secum
563 2979 669 3041 idonee
681 2975 817 3042 ciborum
830 2977 933 3054 copie,
