2048 3288
110 109 148 158 24
342 115 500 158 uourutou
524 115 694 157 consonus.

110 207 180 266 solit
202 203 336 264 menibus
357 223 413 262 non
435 207 501 262 ess'e
524 205 756 280 suscipiendum.
797 202 932 282 Excogi-

109 288 230 345 tandum
245 297 308 342 erat
321 284 552 342 instrumentum
566 285 645 359 quod
659 283 733 340 foret
749 282 933 360 adjumento.

151 365 196 424 Ee
210 375 308 422 mente
323 363 476 438 regionem
489 363 634 430 lustravit,
648 373 678 419 et
692 372 758 437 pust
768 363 933 422 multacin-

110 443 320 520 vestigutionee
341 454 444 500 uectus
459 455 505 500 est
525 443 654 518 lapidem
670 442 784 500 securis
806 441 934 501 sormam

110 524 300 589 referentem,
321 535 519 596 praeacutunu
541 533 629 597 atquo
648 521 677 578 in
691 538 728 578 eo
748 520 882 578 foramen
903 522 935 580 in

109 622 170 678 quo
184 601 374 660 manubrium
387 603 496 659 intrudi
514 613 622 676 posset.
662 601 740 672 Quae
752 618 800 658 tes
812 598 934 676 qudque

109 683 205 740 multo
220 683 328 749 labore,
350 691 380 738 et
394 682 491 756 lapide
505 681 562 738 alio
576 680 705 738 adhibito
723 679 851 736 feliciter
865 699 934 750 suc,-

109 761 210 828 cessiu
234 759 364 836 cultuque
387 758 498 818 fustem
520 758 673 836 ulliglsset
695 759 836 816 tuniculis
857 778 934 834 quos

110 841 228 916 proprii
241 852 303 898 erte
318 850 482 913 paraverat,
498 841 629 898 haerebot
644 837 833 898 manubrium
848 840 934 915 quael

110 921 201 977 clavis
215 919 349 976 affixum·
772 947 777 954 ·

148 999 232 1058 Dum
248 998 347 1074 pergit
360 1015 508 1072 quaerere,
521 999 596 1058 duos
610 995 721 1056 invenit
732 995 846 1072 lapides
860 998 934 1056 alios

109 1077 198 1135 variis
212 1079 353 1151 operibus
373 1091 466 1152 aptos;
489 1079 564 1135 alter
584 1077 675 1136 instar
695 1087 758 1134 eret
779 1077 935 1148 tudiculae,

109 1159 184 1214 alter
198 1157 238 1214 ita
252 1159 407 1224 formatur,
422 1169 453 1214 ut
468 1157 566 1214 eciem
581 1157 668 1214 cunei
682 1157 811 1214 haberet.
843 1157 935 1214 Utro·
951 1226 960 1233 „

109 1255 168 1312 que
184 1238 334 1290 Robinson
349 1246 514 1310 assumpto,
535 1249 596 1294 tam
611 1236 701 1294 alacri
716 1235 933 1294 animo-rever·

109 1333 161 1372 sus
176 1325 231 1382 est,
245 1326 278 1372 ut
291 1311 445 1388 extempld
461 1333 494 1372 se
507 1315 544 1372 ad
557 1333 635 1388 opus
649 1314 828 1389 accingeret.

150 1394 212 1466 Qui
226 1395 346 1470 quidem
371 1405 437 1450 tunt
453 1413 558 1462 cuneo,
581 1407 647 1454 turn
661 1394 795 1452 ludicullt
819 1394 934 1452 sensim

108 1477 203 1531 multo
218 1474 302 1548 rupis
323 1473 491 1548 fragmenta
503 1473 647 1534 decussit.
690 1475 751 1532 Res
766 1483 829 1531 erut
844 1462 935 1550 plena

110 1551 177 1610 eane
194 1552 310 1610 laboris.
353 1553 412 1608 Sed
438 1554 542 1610 diebus
566 1554 679 1632 aliquot
701 1553 732 1610 in
752 1571 847 1628 opere
862 1571 935 1612 cen·

109 1632 237 1706 sumptis
261 1630 411 1706 tantopere
424 1644 621 1706 processerat,
646 1644 678 1690 ut
698 1631 827 1708 spatium
850 1633 936 1692 cuti·

109 1713 177 1768 culo
190 1711 330 1767 idoneum
344 1710 538 1770 existimaret.
582 1713 670 1770 'l'unc
680 1715 785 1770 avulso
797 1713 935 1788 gramine

109 1789 288 1865 siccatoque,
309 1789 424 1850 loenum
438 1789 574 1861 confecit,
596 1792 741 1848 lectulum
762 1789 830 1850 inde
852 1810 935 1850 cotn-

107 1872 231 1928 modum
247 1869 302 1927 sibi
316 1882 481 1944 paraturus.

995 1495 997 1600 l

997 1607 998 1700 l

149 1949 233 2008 Nihil
246 1949 339 2024 igitur
354 1948 408 2008 luit
422 1950 635 2023 impedimento
645 1947 805 2026 quominus
817 1949 847 2008 in
860 1969 935 2026 sug·
997 1917 998 1970 i

109 2040 197 2104 gestu
212 2030 295 2086 molli
318 2045 421 2088 somno
434 2029 614 2105 indulgeret,
636 2043 805 2107 postquam,
827 2031 935 2090 alitum

109 2126 203 2177 more,
227 2109 340 2168 sedenti
354 2109 385 2166 in
408 2110 511 2166 arbore
531 2121 599 2168 octo
623 2121 654 2168 et
678 2109 808 2186 emplitls
829 2123 935 2170 noctes

107 2185 221 2246 fuerant
236 2189 436 2246 traducendae.
458 2191 487 2246 0
502 2193 610 2265 quantit
626 2191 777 2266 voluptate
793 2190 935 2264 perfusus

108 2279 164 2335 est,
173 2266 249 2326 edm
265 2268 350 2326 licuit
363 2267 458 2326 fessos
471 2279 554 2348 artus
567 2270 597 2326 io
612 2271 724 2326 lectulo
739 2269 936 2344 componere!¹

147 2347 306 2406 Dominico
320 2347 383 2406 dieu
398 2347 535 2422 proxima
549 2359 621 2406 erat.
663 2349 763 2420 Quam
781 2351 934 2406 Robinson

107 2428 216 2485 orando
237 2438 267 2484 et
287 2427 457 2486 meditando
478 2427 675 2502 consumpsit,
697 2445 804 2504 rogans
827 2427 933 2488 Deum

108 2506 164 2565 ribi
178 2518 371 2581 peccalorum
385 2509 513 2578 veniam,
534 2507 704 2582 parentibus
718 2507 789 2566 verd
812 2506 935 2570 miseris

107 2585 281 2660 praesidium
295 2597 325 2644 et
342 2587 453 2645 solatia.

148 2671 249 2741 Atque
274 2683 310 2722 ne
333 2667 452 2724 dierum
473 2668 546 2724 ordo
569 2665 723 2726 excideret
744 2665 935 2739 ememorilt,

107 2743 187 2805 diem
203 2743 274 2803 verd
290 2746 470 2803 dominicam
491 2763 611 2822 semper
632 2745 831 2822 dignosceret,
853 2749 934 2808 venit

89 2824 137 2882 .iu
153 2836 283 2886 mentem
310 2827 470 2880 Robinsonl
490 2826 550 2904 ribi·
567 2825 767 2884 calendarium
792 2827 932 2898 condere,

106 2920 163 2964 non
176 2905 250 2966 illud
267 2904 390 2982 quidem
411 2915 473 2964 torn
494 2917 680 2976 accuratum,
699 2923 756 2970 nec
777 2906 856 2982 typis
874 2906 944 2988 int-Q
