2048 3288
319 201 474 244 aoatnson
494 203 668 244 oausoaus.
870 192 909 246 at

77 281 239 351 referebat.
281 293 359 351 Haec
384 292 449 360 erit,
472 294 511 352 ait
533 294 584 350 ille
604 311 719 362 secum,
734 311 788 368 pro
803 293 909 368 patine.

77 370 170 428 Unde
183 383 282 431 autem
304 375 398 430 satem
422 372 535 447 petam?
557 375 585 431 0
599 392 647 430 me
669 373 834 449 stupidum!
859 375 909 444 ait,

74 450 177 509 fronte
196 452 285 510 simul
301 455 454 528 percussa·
498 455 604 511 Nonne
621 454 693 512 mihi
706 465 750 510 est
765 453 792 510 in
809 467 909 528 potes·

73 541 140 590 tate
165 551 284 590 carnem
308 534 386 608 aqua
409 533 522 590 marina
544 533 679 610 irrigare,
699 551 768 609 quae
784 537 907 608 quidem

72 609 156 668 idom
171 610 293 686 prorsus
307 624 359 670 aut
373 610 436 668 fere
458 613 611 688 praestabit
634 633 670 671 ac
694 613 718 669 si
744 617 805 669 saie
828 625 906 674 esset
930 643 951 656 ν

73 690 207 748 condita?
243 689 378 766 Optime,
392 690 526 768 egregie,
541 689 650 749 itcriim
665 689 837 765 iterumque
852 712 906 751 ex·

72 771 195 840 clamat,
219 782 310 846 atquc
333 770 384 828 iile
408 772 512 830 latitia
531 773 665 848 gestiens
688 790 761 830 veru
776 771 906 832 celerius

71 865 204 908 versare.

113 928 154 986 Et
168 925 248 989 hunc
263 948 333 993 caro
348 929 403 988 rite
418 944 512 988 assata
525 941 582 989 est.
618 930 697 989 cum
713 932 904 992 esculentum
979 955 983 966 ·

69 1010 223 1085 quoddam
247 1010 315 1101 ejna
336 1011 500 1069 frustulum
526 1013 686 1082 gustasset,
699 1011 746 1068 ah!
765 1013 789 1067 si
806 1013 903 1085 modo,

69 1089 112 1146 ait
126 1089 178 1148 itte
194 1081 357 1164 auspiians,
372 1089 574 1165 fragmentum
599 1091 682 1164 panis
698 1092 744 1146 vet
767 1091 903 1150 minutis·

69 1168 184 1228 simum
196 1170 269 1228 inihi
279 1189 356 1228 nunc
371 1169 532 1243 coritingati
545 1169 647 1240 Quam
658 1171 768 1227 stultus
780 1187 837 1246 ego
849 1169 903 1244 fui,

68 1249 122 1324 qui
138 1267 216 1326 puer
230 1269 285 1306 non
300 1250 501 1308 intellexerim
519 1261 661 1326 quantum
680 1251 738 1306 Dei
761 1269 832 1324 erga
851 1255 901 1310 ho·

66 1329 167 1386 mines
181 1330 360 1390 beneficium
375 1333 460 1406 spanis
475 1328 523 1388 sit!
540 1330 629 1387 'i'unc
640 1331 794 1404 temporis.
807 1345 838 1386 ut
855 1349 900 1389 sa·
922 1395 928 1400 ⁵

66 1407 106 1465 tis
128 1409 204 1466 mihi
225 1409 312 1476 fierit,
325 1412 468 1468 addendae
489 1423 573 1466 erant
587 1410 696 1484 aliqnae
711 1411 839 1466 deiiciae.
869 1385 920 1470 Ονὴ

66 1489 181 1546 utinam
196 1507 273 1546 nunc
286 1490 358 1546 mihi
371 1490 445 1548 adsit
460 1489 663 1562 fragmentum
679 1491 831 1563 quodnbet
850 1507 899 1563 pa·

65 1567 113 1624 nie
126 1569 209 1626 iliius
223 1587 315 1643 quern
329 1580 400 1627 tunc
414 1571 451 1625 ad
465 1586 570 1626 canem
585 1581 719 1626 nostrum
733 1569 808 1625 horti
829 1588 898 1626 cus·
953 1581 956 1590 '

65 1649 167 1705 todem
183 1648 390 1727 projiciebam!
414 1645 513 1720 Quam
530 1665 579 1704 mc
595 1647 714 1706 felicem
726 1667 803 1706 nunc
820 1667 898 1724 prae·

66 1727 212 1798 dicarem!

104 1809 258 1864 Robinson
273 1807 366 1885 igitur
379 1805 469 1876 quam
486 1806 648 1864 lautissime
669 1817 770 1882 posset
791 1810 895 1881 epula-

61 1897 111 1944 tua
125 1897 180 1944 est
204 1887 332 1956 Deinde,
346 1887 546 1946 fervidissimo
559 1887 618 1944 diei
631 1903 777 1962 tempore,
789 1895 894 1960 pantu·

62 1964 128 2024 ltim
157 1967 186 2024 in
218 1979 311 2026 strato
339 1969 486 2034 recubuit,
510 1978 543 2024 ut
567 1986 672 2024 secum
699 1968 894 2026 meditaretur

62 2048 214 2124 quodnam
239 2045 426 2122 potissimum
452 2066 529 2122 opus
554 2049 734 2122 susciperet,
759 2045 828 2104 crim
846 2066 892 2106 re·

60 2129 156 2186 misso
168 2129 267 2184 calore
279 2129 383 2189 liceret
397 2146 520 2204 operam
534 2128 563 2185 in
578 2128 689 2202 aliquid
705 2127 850 2185 conferre.

101 2207 185 2280 Quid
204 2225 281 2265 nunc
305 2205 386 2283 priris
410 2207 513 2283 agam?
538 2210 687 2282 optimum
710 2203 823 2265 erit'ad
841 2227 891 2265 ve·

59 2291 173 2348 naudus
186 2288 299 2364 aliquot
313 2291 407 2345 lamas
420 2287 579 2362 proficisci.
606 2287 686 2358 Quid
703 2301 802 2344 autern
822 2307 890 2362 pro·

60 2367 137 2425 derit
152 2382 232 2427 tanta
243 2367 339 2426 carnis
347 2366 446 2442 copia?
462 2365 543 2426 cum
555 2367 597 2424 sic
609 2385 715 2424 secum
726 2378 889 2442 reputaret,

57 2447 163 2506 incidit
176 2447 205 2504 in
221 2447 430 2524 cogitationem
447 2465 564 2514 novam,
586 2448 760 2522 cunctisque
785 2448 888 2522 priori·

58 2527 115 2584 bus
129 2526 217 2603 longe
233 2529 478 2602 praestantiorem.
522 2527 644 2586 Scilicet
656 2527 793 2584 animalia
803 2546 888 2604 qnae·

57 2606 127 2664 dam
140 2608 306 2667 domestica
320 2609 453 2681 cicurare
468 2619 496 2666 et
509 2608 730 2664 mansuefacere
753 2609 886 2667 decrevit

57 2704 127 2763 quae
152 2690 206 2746 sibi
222 2688 337 2746 victum
352 2691 441 2746 simul
457 2701 485 2745 et
510 2690 683 2744 societatem
699 2699 884 2760 praestarent.

57 2765 161 2828 Lamae
176 2779 277 2826 autem
292 2765 364 2826 crim
376 2765 441 2845 jam
454 2767 685 2826 mansuetissimi
701 2767 820 2842 generis
843 2765 885 2821 vi-

57 2847 214 2916 derentura
223 2847 354 2924 speravit
369 2848 430 2904 fore
445 2861 478 2906 ut
493 2846 574 2905 facili
588 2845 707 2922 negotio
721 2845 885 2904 ¹nonnullos

57 2943 96 2985 ert
111 2929 147 2988 iis
160 2930 243 2988 vivos
264 2929 431 3004 exciperet.
453 2927 562 2986 Statuit
582 2924 749 2983 funiculum
773 2923 811 2973 ita
833 2935 884 2990 ap-

55 3018 119 3066 tare
134 3019 167 3066 ut
181 3021 262 3067 esset
277 3025 333 3084 pro
346 3010 464 3083 laqueo,
477 3021 542 3064 tum
553 3019 655 3063 autem
666 3010 734 3076 post
745 2997 880 3055 8ΐῦοΥοΓ

460 3103 481 3144 o

1010 2825 1013 2852 t

1012 2887 1013 2918 t

1012 2981 1013 3015 t
