2048 3288
312 169 470 210 aoamsou
492 157 670 210 causostis.
866 156 904 208 33

982 31 986 126 l

985 152 987 190 l

986 210 988 252 l

68 277 104 318 se
126 259 226 318 adbuc
241 258 352 328 vivere,
371 257 387 316 ὲ
408 261 471 316 solo
492 277 559 317 sese
580 260 688 327 erexit3
711 256 811 320 statim
824 257 907 326 verb,
987 268 989 316 l

65 353 137 398 ante
152 341 263 398 ostium
277 341 443 413 speluncae,
458 337 597 398 arborisai
613 337 738 397 fulmine
760 339 905 414 disruptae

987 326 990 382 l

988 384 991 412 l

65 432 162 496 atque
178 428 332 494 prostratae
348 431 463 494 partem
477 419 643 494 conspexit.
668 419 790 478 Interim
804 419 906 494 pluvia
991 465 992 470 1

65 511 250 568 cessaverat,
270 517 326 556 nec
346 496 408 577 jam
431 501 667 557 exaudiebantur
686 499 825 566 tonitrum
840 513 906 557 tum

64 582 223 636 Robinson
238 597 331 639 ausus
346 591 390 638 est
403 577 420 636 ὲ
435 581 580 656 spelunca
590 580 718 654 prodire.
741 579 823 651 Quid
834 577 904 640 vero
994 623 995 636 t

991 498 994 600 l

62 658 138 737 ejus
151 660 249 716 oculis
262 659 416 736 objicitur?
440 661 501 718 Res
516 661 632 718 scilicet
646 678 714 736 quae
732 659 791 734 ipsi
805 657 906 734 aperte
995 711 996 714 ,

63 739 234 797 declaravit
248 737 339 814 quaim
351 737 457 813 partim
472 740 553 797 omni
565 758 619 814 spe
635 737 718 814 priris
733 739 851 818 abjecta
861 759 906 798 sa·
996 761 998 810 g

62 821 196 895 puisseu
219 821 339 876 ardebat
353 820 432 878 enim
448 831 573 878 truncus
586 819 710 888 arboris,
723 818 850 878 fulmine
863 819 906 878 ic·

60 913 149 960 tae...
169 901 320 956 Robinson
335 899 427 975 igitur
441 900 470 956 id
482 898 580 966 subitd
594 911 700 960 nactus
711 913 756 958 est
768 917 829 975 quo
841 901 907 974 plu·

62 977 182 1038 rimdm
208 978 370 1054 indigebat.
412 979 510 1036 Tanto
533 992 625 1054 atque
645 981 795 1054 insperato
816 981 907 1038 laetus

63 1078 208 1141 munere,
224 1059 360 1118 manibus
371 1059 400 1118 in
415 1061 528 1118 coelum
542 1060 676 1129 sublatis,
686 1060 801 1135 optimo
810 1061 907 1120 bomi-

61 1159 142 1199 num
159 1139 275 1215 parenti
290 1141 401 1216 gratias
424 1138 499 1216 egit,
524 1140 578 1217 qui
602 1142 649 1198 vel
672 1141 750 1199 inter
772 1141 905 1202 maxime
982 1141 996 1216 γ’

62 1220 219 1280 terribiles
240 1238 329 1278 casus
355 1235 465 1284 nostrae
481 1239 604 1296 semper
618 1219 746 1280 consulit
759 1219 905 1278 felicitati.

110 1303 195 1362 Tum
211 1299 282 1358 verb
298 1302 461 1357 Robinaoru'
477 1299 622 1376 suppetiit
632 1301 711 1376 ignis
721 1319 813 1376 quem
825 1301 907 1361 alere

61 1384 150 1448 haud
162 1381 284 1438 difficile
299 1379 368 1450 fuis
382 1399 438 1440 nec
453 1380 585 1456 amplids
599 1400 690 1439 causa
706 1383 836 1448 suberat,
852 1400 908 1440 cur

63 1463 105 1522 de
121 1461 189 1522 vitae
207 1462 304 1520 salute
312 1461 342 1520 in
354 1463 472 1520 desertd
487 1465 541 1520 hac
552 1462 648 1520 insula
659 1473 740 1518 esset
750 1461 905 1519 sollicitus.

108 1541 242 1600 Venatio
250 1542 279 1600 in
296 1547 452 1617 posterum
467 1543 556 1600 dilata
570 1551 626 1608 est,
639 1538 780 1618 quoniam
793 1541 908 1618 placuit

65 1623 231 1684 utilitatem
245 1626 345 1685 statim
361 1639 401 1680 ex
416 1622 487 1698 igne
498 1640 619 1698 capere,
634 1640 816 1698 carnemque
833 1640 907 1682 veru

64 1706 169 1762 adhuc
184 1703 306 1762 affixam
327 1721 481 1779 apparare.
525 1704 552 1768 Τ
556 1721 607 1760 nm
630 1702 719 1777 coqui
741 1703 908 1764 ministerio

65 1782 193 1842 functus
215 1785 319 1860 ignem
341 1794 445 1842 movet
466 1801 625 1858 assamque
648 1781 754 1842 seduld
770 1795 908 1842 versatu.

67 1862 172 1936 Qudm
186 1863 310 1942 juvabat
324 1863 462 1922 flammas
476 1863 631 1932 micantes,
646 1865 851 1938 tremulasque
866 1864 909 1920 in·

68 1943 160 2002 tueri!
182 1943 421 2003 Pretiosisimum
438 1944 518 2002 enim
533 1943 624 2002 divini
644 1942 775 2000 numinis
797 1960 909 2000 munus

69 2022 176 2100 ignem
191 2025 208 2081 d
222 2025 301 2082 coelo
315 2024 370 2084 sibi
392 2024 561 2082 demissum
583 2026 805 2096 interpretatus,
826 2023 909 2098 cogi·

70 2115 199 2180 tansque
214 2116 338 2180 quantas
352 2104 420 2162 inde
437 2116 638 2178 percepturus
653 2114 732 2160 esset
756 2101 910 2172 utilitates,

71 2183 186 2260 saepids
197 2195 321 2260 propter
332 2183 510 2242 memoriam
522 2183 671 2254 beneficii,
690 2185 795 2245 oculos
806 2183 835 2241 in
847 2201 909 2242 coe·

71 2264 136 2322 lum
153 2265 251 2322 vertit.
525 2321 527 2326 .

111 2348 199 2402 'l'um
223 2341 295 2402 verb
320 2362 385 2402 rem
415 2363 505 2402 unam
532 2345 684 2398 Robinson
712 2341 911 2413 desiderabat,

73 2424 191 2484 scilicet
212 2424 255 2482 sal
277 2420 337 2501 quo
358 2441 479 2482 carnem
498 2423 644 2491 condiret,
659 2423 792 2498 speravit
807 2433 910 2482 autem

73 2521 240 2582 aequoque
262 2523 407 2581 processu
427 2505 574 2579 temporis
588 2503 618 2560 id
639 2503 791 2560 commodi
813 2521 911 2580 genus

74 2584 274 2646 inventurum.
298 2587 388 2644 Nune
404 2582 478 2660 ergd
494 2583 564 2642 satis
577 2583 621 2652 illi
635 2582 790 2642 fuitlittus
806 2596 910 2658 petere

75 2667 108 2722 ad
124 2683 233 2742 aquarn
245 2683 379 2724 cocossae
392 2665 545 2741 putamine
557 2662 762 2731 hauriendam
775 2662 911 2738 qua-qui·

76 2744 228 2803 demerim
241 2745 315 2804 nihil
329 2747 439 2804 melius
459 2746 587 2812 adesset,
608 2760 729 2802 carnem
752 2756 822 2800 tuuc
844 2742 910 2798 irri-

79 2838 166 2900 gavrt.

35 2919 37 2944 ³
114 2905 265 2976 Quantam
274 2889 347 2964 ilerd
355 2904 528 2979 conceperit
539 2899 762 2970 laetitiam,cdm
774 2897 908 2972 primum

36 3009 39 3044 r
78 2986 117 3044 ori
131 3003 187 3044 suo
208 2983 340 3046 frustum
362 2986 504 3058 admovit,
526 2985 554 3042 is
567 2984 688 3042 tandem
710 2978 766 3038 sibi
792 2975 906 3051 lingere
