2068 3278
141 207 194 258 luo
295 215 307 236 ν
371 215 519 256 uertatur
533 216 703 257 etaemus.

136 309 190 364 clos
203 325 242 364 ex
256 305 351 362 insula
364 320 475 362 nautas.
508 307 579 378 Quo
594 307 676 382 signo
690 317 736 364 ter
749 306 873 380 repetitu
883 307 951 366 etim

137 405 224 444 uerno
237 385 383 455 rediisset,
398 387 453 441 ulia
471 389 579 458 scapha
595 389 610 442 e
625 387 693 442 navi
708 385 839 459 prolecta
854 399 899 442 eet
917 391 952 444 ad

137 465 274 524 iueulaur.
314 465 400 522 Tunc
415 467 560 520 Robinuon
576 483 643 521 curn
660 466 747 522 sociis
757 466 786 521 in
800 467 909 522 collum
925 484 954 522 re

102 595 104 598 .
138 545 252 619 recipit.
291 545 412 617 Scapha
425 545 561 618 appulsu,
576 559 671 602 nautea
686 547 721 600 ad
737 543 870 617 priorem
891 563 955 602 cur·
991 599 993 606 .

138 639 207 682 runt
221 641 311 699 quam
338 624 434 679 vident
458 625 486 679 in
511 623 592 680 sicco
613 634 642 678 et
665 623 849 697 perforatum.
891 623 956 680 Jann

138 703 372 777 circumspicere
393 703 547 777 sociosque
562 702 680 759 nemine
703 719 815 758 vocare.
857 703 958 760 Neruo

138 796 238 840 autem
253 781 310 839 luit
329 781 382 856 qui
401 782 599 854 responderet.
642 781 690 838 llli
707 783 814 838 decem
834 800 958 838 nurnero

138 873 230 928 erant,
254 861 358 918 arrnuti
370 877 483 918 cannen
526 863 671 916 Robinson
694 859 797 935 quiex
817 860 959 935 praefecto

140 952 295 1018 uceeperut
305 939 381 998 inter
392 939 523 1014 captivos
534 951 595 996 tres
606 958 672 996 ease
682 941 733 1014 qui
747 941 868 996 nonnisi
877 951 958 996 metu

137 1019 234 1076 euecti
248 1030 385 1076 venerunt
400 1017 429 1076 in
445 1020 568 1076 rceleris
582 1018 764 1084 societatem,
779 1020 890 1090 Fridcy
907 1036 959 1092 gu·

140 1099 384 1172 benuteremque
398 1099 434 1154 ad
452 1115 503 1154 eos
516 1096 614 1164 mittit,
637 1097 767 1171 eumque
789 1096 832 1153 illi
846 1093 960 1154 veniam

140 1188 274 1234 orassent
287 1177 564 1252 impetrassentque,
584 1187 648 1233 tum
660 1177 753 1234 aruris
773 1175 896 1234 redditis
908 1192 961 1234 eo·

138 1275 210 1332 quae
224 1257 289 1330 ipee
303 1255 481 1330 preceperit
496 1252 598 1312 sedule
614 1256 725 1330 exequi
738 1254 828 1332 jubet

183 1335 305 1392 Interim
327 1335 378 1410 qui
403 1335 558 1410 porterieri
580 1335 691 1424 scaphir
712 1335 826 1407 adreci
846 1333 963 1392 fueraut

143 1415 289 1474 sustulere
300 1419 474 1470 clamorem.
514 1411 662 1470 Redditur
673 1423 703 1468 et
715 1411 811 1490 maior
820 1409 837 1468 ai
853 1415 964 1468 Rcbtn·
1018 1407 1019 1418 ¹

143 1501 221 1550 uenia
244 1493 501 1560 coturnilitonibuu
524 1495 579 1552 hoc
604 1493 681 1548 eninr
706 1491 756 1550 ille
779 1491 910 1568 jusserat
933 1503 965 1548 ut

144 1575 287 1631 advenae
275 1590 308 1630 ³ru
323 1590 442 1628 uentura
456 1571 654 1628 allicerentur.
695 1569 744 1628 Illi
758 1571 875 1628 scilicet
889 1587 964 1626 uoce

140 1652 385 1726 respondentium
396 1652 445 1708 vix
457 1650 566 1716 roura,
580 1649 675 1724 sparsi
687 1651 752 1706 hine
764 1650 831 1706 inde
842 1667 897 1723 per
908 1651 965 1722 syl·

144 1749 196 1788 vas
211 1743 362 1805 vagantur.
406 1732 463 1786 Sed
477 1731 592 1789 nemine
606 1741 735 1802 reperto,
749 1727 841 1784 crim
831 1746 893 1804 Jarn
917 1730 967 1784 ad·

145 1818 376 1886 vesperasceret,
386 1822 502 1866 noctem
518 1807 613 1875 veriti,
627 1809 663 1864 ad
677 1809 818 1881 acapnum
832 1808 967 1874 redeunt,

145 1907 236 1947 curru
249 1901 280 1946 et
295 1907 367 1946 rano
379 1906 480 1945 errore
496 1887 575 1944 lessi.
617 1891 716 1960 Atque
729 1899 760 1944 ut
774 1884 902 1960 quisque
917 1904 968 1943 uc·

138 1969 239 2026 currit
250 1968 399 2037 excipitur
412 1969 447 2023 eb
459 1965 661 2022 insidiamibua
675 1983 803 2039 quorum
818 1965 846 2020 iu
861 1982 969 2021 manus

141 2063 202 2104 ectr
217 2048 256 2104 ita
270 2046 443 2105 inciderunt.
484 2042 563 2100 cum
581 2055 704 2119 quatuor
718 2044 768 2100 alii
783 2055 970 2100 reverteren-

146 2139 205 2194 tur,
221 2127 347 2184 mittitur
360 2126 396 2181 ad
413 2125 465 2180 hoa
477 2140 556 2180 unus
570 2133 723 2180 nautarum
738 2123 766 2178 iu
782 2123 906 2197 gratiam
925 2140 970 2176 re·

143 2217 302 2280 eeptorurn
317 2205 560 2274 interrogaturus,
571 2221 607 2256 an
621 2215 724 2274 sperne
739 2201 829 2260 antris
843 2199 972 2276 abjectis

148 2301 181 2340 ec
197 2287 370 2341 submittere
385 2283 482 2349 velint;
504 2282 534 2336 ui
548 2280 664 2348 fuciunt,
677 2281 781 2340 ineulae
794 2293 972 2352 procurato·

148 2381 222 2430 rem,
243 2363 358 2437 triginta
374 2363 478 2418 abhinc
492 2361 637 2433 passibus,
658 2353 869 2434 qunquagulnt
891 2359 973 2416 mili-

148 2455 254 2498 teser
277 2457 344 2498 erce
366 2441 505 2496 etlnxieee
520 2439 570 2513 qui
585 2440 665 2512 ipsos
687 2441 843 2496 crederent.
887 2438 974 2494 Tum

149 2521 299 2574 Robinson
321 2535 469 2574 armorum
493 2519 649 2592 strepitum
675 2515 731 2574 uiui
753 2534 858 2574 omnes
880 2517 974 2572 edere

142 2597 235 2674 jussit
249 2601 284 2654 ad
306 2599 393 2652 verba
408 2597 498 2671 legati
518 2596 723 2672 confirmauere.
761 2593 913 2672 Priusque
930 2593 976 2652 illi

149 2691 261 2732 terrore
283 2673 371 2748 quarn
388 2678 465 2731 belle
478 2687 643 2732 vincuntur
680 2667 847 2772 “Auverti
869 2675 976 2732 delicti
1020 2677 1021 2698 ¹

149 2753 264 2810 veniam
277 2752 464 2824 impetraturi
478 2753 595 2810 sumus?
615 2735 751 2828 quidum
749 2771 788 2808 ex
802 2752 850 2810 iia
847 2755 976 2810 taudem

150 2844 243 2905 rogat
284 2831 342 2886 Cui
360 2831 552 2901 praelectus
545 2851 573 2888 ru
589 2832 726 2922 virgultis
747 2834 840 2889 latens
858 2832 902 2888 sic
925 2850 977 2888 ac·

147 2909 297 2966 clamavitt
319 2925 422 2962 vocent
438 2926 537 2964 meatu
551 2913 697 2984 agnoscis,
719 2913 844 2969 Thomu
862 2907 976 2964 Smltlt!

147 2985 273 3044 sintice
288 3001 368 3042 anna
381 2982 398 3039 ὲ
413 2985 547 3045 mannus
561 2990 733 3060 ceciderint,
743 2989 836 3048 ritant
853 2987 978 3048 habebi-
