2068 3278
320 231 470 272 nosrnsoa
496 227 662 274 cursorius.
681 207 689 227 χ
846 221 898 272 119

122 323 225 398 Pergit
238 321 329 398 igitur
349 338 419 380 eum
440 323 574 392 relicere,
587 323 806 399 'Rodmronque
829 340 902 400 pau-

82 403 163 458 latim
181 407 321 459 redeunte
342 402 439 460 animo
453 406 582 460 allevans
595 407 700 459 oculos
723 421 794 460 voce
811 401 901 462 debili

81 481 253 555 interroget·
284 481 401 539 ubinam
430 500 488 558 ego
515 481 596 540 sum?
637 482 717 538 Inter·
743 487 902 557 amplexus

81 579 175 620 meos
197 559 348 617 carissime
363 563 495 618 omnium
510 562 636 630 domine,
657 560 814 635 respondet
836 565 903 619 Fri-

81 643 137 710 day
154 639 296 698 effusus
290 657 319 696 tn
341 641 495 714 lacrymas.
536 639 618 697 Tunr
640 653 703 696 etat
720 659 767 697 res
787 653 902 715 specta·
918 707 920 712 .

81 723 151 802 culo
165 720 254 795 digna
268 717 335 776 ltine
358 721 551 774 Robinsonern
570 720 669 776 videre
684 721 826 778 seruatori
847 737 902 778 suo

82 800 191 874 gratias
208 809 355 873 agentem,
367 797 438 855 iude
454 799 564 868 Ftddcy
579 799 754 872 gestientem
774 811 803 855 et
819 799 903 875 quasi

80 889 228 934 amentem
252 878 364 946 laetitia,
385 873 465 952 qudd
480 877 631 934 dominum
653 877 793 936 advitam
816 897 901 936 revo-

80 970 186 1018 cassat

73 1084 76 1088 ,
120 1035 236 1093 Deinde
251 1039 399 1092 Robinson
413 1052 514 1092 somno
528 1047 681 1093 recreatus
692 1037 775 1093 estin
791 1037 902 1095 lectulo

80 1115 460 1192 quenrenaveabstulemt
483 1111 561 1171 Cdm
573 1113 619 1170 dre
629 1115 768 1172 oborto
743 1133 820 1172 rues
832 1135 901 1176 suas
933 1129 948 1136 “·

78 1197 328 1269 recuperavisset,
338 1211 393 1250 non
408 1194 470 1249 sine
480 1209 589 1268 magno
601 1193 700 1250 dolore
715 1195 784 1251 vidit
796 1213 900 1252 navem

19 1295 22 1303 ·
79 1273 198 1348 penitds
213 1273 374 1331 evanuisse.
417 1269 539 1345 Quippe
552 1273 719 1328 avulsarum
733 1275 900 1332 tabulatum

78 1352 247 1429 fragmento
259 1353 296 1410 ad
310 1355 391 1409 littus
405 1353 501 1407 delata
508 1351 677 1408 indicabant
689 1351 768 1409 illam
787 1353 814 1409 vi
826 1366 899 1409 tem·

78 1433 203 1506 pestatis
216 1431 338 1490 fractam
354 1428 471 1488 omnind
486 1441 516 1486 et
530 1431 703 1486 dissolutam
717 1449 792 1488 esse.
817 1429 900 1490 Tum

79 1513 232 1567 Robinson
245 1521 275 1566 et
288 1509 386 1567 socius
400 1527 503 1568 omnes
516 1510 598 1564 navis
609 1509 769 1583 reliquias
762 1527 790 1566 tn
804 1509 900 1570 littore

78 1589 239 1665 diligenter
253 1589 406 1666 coliigunt
420 1587 531 1663 quippe
543 1588 593 1660 qui
606 1587 806 1666 conjectarent
818 1593 900 1648 tabu·

57 1670 137 1726 inm
153 1685 315 1744 quamque,
338 1679 389 1725 aut
411 1665 536 1758 quodvis
561 1666 690 1742 tigillum
714 1685 823 1746 magno
845 1669 901 1728 sibi
989 1727 994 1740 x
1026 1749 1027 1766 Χ

75 1749 145 1806 usui
161 1747 232 1806 fore.

119 1829 210 1885 Nunc
225 1845 298 1902 opes
311 1843 416 1884 omnes
437 1837 562 1882 serratae
585 1826 613 1882 in
632 1843 730 1884 arcem
753 1837 901 1903 transpor-

76 1909 175 1964 tandae
186 1919 278 1964 erant.
321 1905 469 1960 Robinson
482 1917 582 1962 statut
598 1917 629 1962 ut
645 1906 758 1963 vicibus
773 1915 900 1982 quisque

18 1977 22 1988 ⁸
76 1986 197 2043 alternis
211 1985 303 2063 bajuli
326 1985 517 2060 custodisque
537 1981 699 2042 ministerio
715 1985 899 2062 iungeretur.

76 2065 242 2122 Tormenta
255 2063 362 2122 bellica
374 2065 536 2138 complevit
547 2065 671 2135 pulvere
683 2066 797 2132 nitrato,
811 2079 900 2140 atquc

74 2145 105 2202 in
118 2145 216 2200 littore
225 2144 391 2209 collocavit,
400 2159 451 2199 ore
465 2159 547 2215 mare
560 2142 663 2202 teraris
675 2145 794 2200 directo.
817 2145 900 2202 Tum

74 2225 156 2298 apud
171 2233 351 2280 tormentum
366 2221 444 2299 ignis
456 2224 628 2280 accenditur
641 2241 701 2298 quo
714 2223 798 2290 illud,
813 2223 837 2280 si
851 2239 899 2280 res

73 2305 267 2377 postulasset,
280 2303 502 2378 exploderetur.
544 2301 663 2359 Primus
674 2301 737 2376 ipse
750 2303 899 2357 Robinson

74 2383 170 2455 coepit
182 2382 284 2456 copias
291 2383 490 2438 transvehere.
532 2381 622 2437 Canis
633 2381 756 2438 villosus
765 2383 816 2456 qui
827 2397 900 2438 nun·

27 2529 32 2535 .
54 2467 57 2472 '
74 2479 168 2538 quarn
183 2463 220 2516 ab
234 2459 302 2537 ejus
318 2462 408 2518 latere
430 2460 598 2526 recedebat,
619 2477 721 2518 comes
737 2459 790 2518 suit
804 2461 832 2516 in
854 2459 900 2518 iti·

74 2558 147 2598 nere
163 2540 242 2596 haud
256 2537 377 2597 inutilis.
418 2539 540 2596 Scilicet
556 2542 703 2595 Robinson
717 2539 803 2596 illum
819 2540 901 2598 uehi·

74 2621 147 2676 culo
160 2621 239 2693 quod
254 2618 284 2674 in
297 2619 364 2676 navi
383 2618 534 2676 interierat
549 2635 653 2676 canem
667 2619 708 2676 ita
723 2619 853 2694 alligavit
868 2629 901 2676 ut

72 2709 157 2754 esset
182 2697 301 2775 adjutor
322 2715 379 2754 non
400 2695 569 2756 mediocris
611 2697 786 2755 Dentibus
779 2715 902 2772 insuper

71 2776 256 2834 fasciculum
271 2777 407 2852 portavit,
420 2778 647 2853 quodquidem
636 2797 699 2857 Jam
714 2775 800 2836 anteri
814 2779 901 2834 edoc-

72 2867 123 2915 tus
138 2855 187 2914 ltu
192 2865 245 2914 rat
286 2857 420 2916 Cunctos
433 2857 538 2915 deinde
560 2859 653 2915 lamas
667 2869 837 2916 mansuetos
859 2867 901 2914 at·

71 2953 135 3012 que
150 2935 291 2994 oneribus
302 2935 473 3012 gestandis
463 2953 525 3015 Jatn
537 2937 720 2995 assuefactos
734 2953 835 2993 secum
851 2935 901 2993 ad·

72 3016 164 3076 duxit
178 3029 213 3092 ut
223 3017 391 3097 iisquoque
401 3019 522 3093 adapes
532 3015 878 3076 transierendnsuteretr
