2068 3278
12 2975 14 3014 ι

12 3019 14 3075 i

78 245 82 258 ,
105 192 145 246 te
341 201 501 244 ιιιιιιιιιοιι
524 201 697 248 exornent·
725 225 729 232 ·

107 310 213 354 arcum
227 300 258 350 et
280 291 405 369 sagittas
420 291 447 350 ei
469 293 568 362 tradit,
589 309 722 368 eumque
743 291 780 349 ad
803 290 941 351 foramen

107 369 287 432 munimenti
300 373 418 432 arborei
431 377 514 432 velut
535 373 564 430 in
580 373 718 432 excubiis
735 372 873 440 collocat,
887 388 942 429 un·

107 455 146 512 de
160 452 346 529 prospiceret
357 453 451 530 quid
443 471 473 512 m
485 453 581 530 spatio
593 453 670 511 inter
684 451 829 528 parietem
844 462 875 509 et
888 460 943 508 ne·-
1017 447 1021 466 ⁴

107 551 179 592 mus
191 530 210 591 d
224 551 256 590 se
271 533 420 594 consitum
435 532 592 611 interjecto
605 548 755 609 ageretur.
798 530 851 590 Sic
868 548 943 590 cum

107 612 176 671 forti
191 613 273 672 socio
286 631 384 690 usque
397 613 434 671 ad
449 631 608 690 vesperam
618 623 752 670 armatus
764 611 855 680 stetin
869 608 943 670 edm

107 691 180 751 verb
197 695 390 770 poenaliquot
410 695 498 752 borae
513 691 585 750 nihil
600 690 727 770 usquim
744 691 850 748 hostile
875 707 944 748 cer·

107 784 222 868 nerent,
236 773 484 832 existimaverunt
497 774 637 832 barbaros
651 783 809 848 postquam
830 769 944 828 trustra
1019 815 1020 820 1

107 853 369 930 investigaverant,
381 851 411 912 in
426 852 546 928 scaphis
557 853 681 910 domum
704 869 842 910 reversos
863 867 943 908 esse.

108 931 209 1012 Igitur
222 933 314 992 armis
328 932 483 1008 depositis,
497 935 649 989 Robtnron
663 950 779 990 coenam
791 929 923 990 instruit.

148 1003 344 1072 cenantem
361 1015 427 1074 haec
448 1011 556 1072 diesin
571 1010 630 1070 vitd
648 1014 825 1068 Robinsonir
844 1009 944 1070 maxi·

107 1095 157 1152 md
165 1095 366 1156 memoranda
375 1088 945 1167 diesessetVeneris,Aninchn'drry,

98 1174 287 1232 'memoriam
309 1172 378 1252 ejus
400 1189 576 1232 consecrare
590 1171 694 1240 soloin
716 1169 816 1247 itaque
838 1172 944 1230 barba

108 1270 188 1320 rum,
202 1271 295 1330 quern
309 1263 489 1321 servaverat,
503 1271 540 1310 eo
556 1251 674 1310 nomine
687 1249 860 1327 appellavit

148 1333 293 1392 Nondum
318 1335 377 1392 buc
394 1351 490 1410 usque
505 1334 667 1388 Robinsont
690 1343 847 1390 vacaverat
869 1348 944 1390 eum
1020 1365 1021 1372 ι

107 1411 249 1472 ettent'uis
262 1412 461 1472 considerare.
502 1411 627 1470 Juvenis
641 1423 706 1470 erat
722 1413 859 1488 egregia
884 1409 945 1468 ior·

107 1509 179 1554 snae
200 1491 305 1569 viginti
320 1493 441 1553 circiter
454 1511 608 1560 annorum3
630 1493 731 1550 colore
754 1491 850 1560 fusco,
872 1504 943 1548 cute

107 1571 208 1640 nitide,
232 1574 364 1632 crinibus
390 1573 496 1649 nigris,
521 1591 576 1630 non
607 1586 709 1630 autem
734 1571 837 1641 laneis,
864 1571 945 1632 sicut
1020 1579 1021 1604 ³

108 1653 293 1728 AEtbiopum,
306 1655 358 1710 sod
371 1654 471 1721 rectiu
487 1673 557 1711 nam
567 1652 664 1719 brevi,
674 1669 729 1710 nec
741 1669 778 1709 eo
788 1653 945 1728 depresso,

109 1732 195 1790 labiis
209 1734 320 1808 parvis,
340 1734 478 1791 dentibus
491 1734 532 1790 ita
545 1731 620 1792 athis
635 1743 667 1790 ut
681 1734 761 1789 ebur
779 1741 945 1808 aequarent.

41 1855 46 1867 .
109 1815 211 1870 Aures
226 1811 294 1890 ejus
316 1813 405 1872 variis
417 1813 539 1870 conchis
552 1825 582 1870 et
597 1812 701 1887 pennis
721 1824 835 1872 omatae
850 1825 945 1881 erant,

109 1891 219 1968 quibus
240 1893 291 1950 iiie
311 1911 367 1952 non
390 1893 583 1952 mediocriter
602 1893 758 1967 usperbire
775 1893 943 1962 videbatur3

108 1972 208 2030 nudus
219 1971 397 2032 caeterdm
381 1994 399 2032 a
412 1974 510 2048 capite
524 1975 560 2030 ad
578 1974 680 2048 pedes.

149 2053 257 2127 ltaque
285 2055 434 2110 Robinson
458 2054 591 2110 amiculo
614 2049 786 2112 consutis&
813 2051 945 2128 pellibus
1019 2011 1020 2038 ἶ

108 2129 245 2188 coniecto
259 2134 376 2192 socium
399 2133 503 2192 induit.
546 2133 630 2192 Tum
654 2133 684 2194 ei
707 2131 888 2210 significavit
910 2144 944 2190 ιιι

109 2210 195 2270 lateri
211 2201 356 2270 assideret
369 2213 404 2272 ad
421 2215 608 2273 coerundum.

149 2293 264 2364 Frr'dny
279 2296 473 2368 magnacum
493 2294 667 2354 reverentiae
682 2304 772 2369 atque
789 2293 868 2370 grati
882 2294 945 2354 ani·

108 2389 151 2428 mt
142 2369 382 2448 ‘significatione
397 2376 432 2430 ad
455 2377 655 2430 Robinsonem
673 2374 816 2440 accessit;
833 2384 900 2434 tum
914 2376 945 2434 in

111 2459 207 2526 genua
223 2470 255 2509 se
271 2453 440 2527 prostravit,
455 2453 552 2528 capite
568 2453 722 2512 interram
738 2454 881 2512 demisso.

150 2531 302 2588 Robinson
317 2546 418 2592 autem
433 2534 513 2592 socio
524 2547 614 2609 atque
625 2533 784 2592 emicediu
798 2544 944 2608 exoptato

107 2607 234 2670 mirifice
252 2612 379 2681 laetatus,
390 2615 538 2674 blanditiis
549 2615 652 2706 potitis
667 2613 755 2672 itium
770 2614 825 2672 sibi
839 2613 944 2673 derin-

109 2689 172 2748 cire
186 2690 336 2783 cupiebat;
350 2693 491 2752 nimirdm
506 2679 698 2753 existimabat
712 2694 868 2768 duplicem
885 2711 945 2754 non

107 2786 175 2828 esse
190 2771 311 2864 generis
326 2773 445 2832 humani
459 2773 618 2849 originem,
637 2791 694 2833 nec
713 2773 801 2832 fictos
817 2775 945 2834 meliore

107 2850 172 2908 luto
186 2851 240 2908 bns
261 2850 314 2926 qui
339 2863 483 2912 vocantur
498 2853 567 2922 albi,
589 2852 659 2912 edm
674 2857 782 2914 eodem
801 2867 886 2930 patre
901 2867 944 2914 at·

106 2945 167 3005 que
181 2929 258 3005 nigri
275 2931 410 2990 homines
432 2933 491 2990 nati
506 2934 574 3002 sinn
589 2947 720 2994 attamen
735 2934 804 2996 edm
821 2944 944 3011 putaret

105 3007 285 3080 prudentius
297 3027 368 3070 esse
388 3012 540 3089 hospitem
552 3013 686 3076 nonddm
700 3017 773 3078 eatis
785 3015 844 3076 sibi
868 3033 944 3094 cog·
