2048 3288
11 203 19 230 t

102 200 139 250 20
338 207 493 248 contusos
516 208 689 253 causostis·
713 171 714 174 Ἴ

102 318 241 378 squamas
255 308 430 356 ostrearum.
463 297 579 355 Avidus
592 298 692 374 itaque
704 294 740 354 οδ
754 312 931 365 accurrere,

101 380 344 454 circumspicere,
354 377 488 445 scrutari,
499 394 571 434 num
581 375 655 434 forte
666 379 769 452 plenas
779 377 929 451 quasdam

102 459 256 535 reperiret,
270 457 455 533 repertisque
472 457 617 514 exultare.

141 542 188 596 Ac
203 535 299 612 primi>
314 537 434 611 quidem
447 536 513 592 illas
526 554 581 592 non
597 533 658 592 sine
670 534 843 592 difficultate
855 551 925 610 ape·-

102 618 170 686 ruit;
192 618 243 675 scd
258 618 368 674 inserto
381 617 468 690 plano
478 617 643 690 codemque
659 623 746 672 acuto
757 614 841 671 silice
857 632 925 688 per·

101 697 181 766 iecit,
193 709 225 754 ut
235 695 355 770 triginta
365 695 483 752 circiter
495 694 608 752 haustis
619 705 751 752 ventrem
767 691 929 768 paululum
1010 744 1012 751 Α

101 779 241 853 placaret.
766 773 775 801 ²

142 855 221 913 Crlm
235 873 313 912 nunc
327 853 436 910 certior
449 863 529 910 esset
543 871 576 908 se
597 871 686 928 posse
708 851 845 928 quamvis
869 851 925 909 mi-

101 939 167 994 sere
182 946 347 991 sustentare
361 933 462 1001 vitam,
478 931 541 1009 jam
556 932 689 990 maxime
703 931 847 988 sollicitus
862 940 926 989 erat

102 1013 161 1091 quo
177 1031 209 1070 sc
225 1011 242 1070 si
256 1012 326 1070 ieris
349 1011 517 1070 hominibus
532 1025 582 1068 aut
603 1011 705 1068 bestiis
729 1021 827 1068 tutum
849 1009 931 1068 reci--

102 1107 198 1170 peret.
452 1091 458 1109 ¹
809 1137 814 1150 ,.

142 1173 225 1230 Turn
240 1172 268 1230 in
283 1182 415 1230 montem
430 1188 594 1237 summurn,
616 1173 709 1246 egre,
731 1182 764 1226 ut
778 1177 841 1226 erat
855 1167 930 1226 satis

88 1241 253 1318 'excelsum
272 1251 414 1318 ascendit,
435 1251 511 1308 uude
526 1247 617 1324 qusint
633 1249 776 1307 latissime
798 1249 928 1306 circum·

102 1333 218 1406 spicere
235 1341 357 1404 poterae
380 1331 432 1386 sed
454 1343 580 1404 quantus
605 1347 676 1386 oum
693 1335 787 1384 t'error
810 1327 929 1396 invasit,

103 1412 173 1468 crim
190 1411 310 1466 vidisset
326 1427 357 1466 se
372 1409 478 1466 esseio
494 1407 600 1474 insula,
613 1425 710 1482 neque
727 1409 818 1465 ullam
832 1408 926 1464 omni·

102 1489 151 1556 nti,
164 1487 253 1566 quaint
269 1491 355 1564 longe
370 1487 466 1546 aciem
481 1489 636 1545 oculorum
649 1488 800 1552 intendere
815 1495 928 1562 posset,

102 1581 212 1628 terram
228 1587 371 1644 apparere
385 1579 496 1642 praeter
517 1579 578 1624 tres
592 1585 698 1642 parvas
722 1565 834 1624 insulas
855 1584 925 1642 quae

11 1701 12 1704 ,
103 1651 199 1724 spatio
224 1649 336 1722 aliquot
360 1647 533 1704 milliarium
554 1646 721 1724 interjecto,
743 1664 782 1704 ex
805 1661 929 1722 aequore

30 1731 35 1740 '
103 1727 279 1785 eminebant!

145 1806 225 1865 Heu!
248 1823 297 1862 me
312 1803 466 1862 miserum!
489 1801 647 1874 exclamat,
666 1806 801 1864 manibus
814 1805 850 1862 acl
865 1823 930 1862 coe-

11 1925 17 1932 -
104 1887 167 1944 lum
181 1885 389 1944 miserabiliter
403 1885 535 1942 sublatis.
578 1885 631 1942 Me
656 1903 693 1942 nc
715 1887 751 1942 ab
773 1887 930 1942 hominum

11 2017 13 2022 ,
104 1965 286 2022 commercio
300 1965 341 2022 ita
355 1963 523 2041 sejunctum
540 1983 617 2032 esse,
632 1977 663 2022 ut
675 1965 749 2023 milti
763 1967 792 2022 in
808 1968 862 2022 hic
880 1983 929 2022 so-

104 2045 224 2104 litudine
251 2045 409 2102 vivendum
433 2043 471 2102 sit
495 2046 577 2101 velut
601 2042 672 2102 ierae
695 2044 812 2104 bestiae!
855 2045 929 2102 Heu

104 2135 241 2200 parentes
254 2122 368 2198 optimi!
384 2141 534 2196 nunquam
547 2123 638 2199 igitur
649 2144 707 2200 ego
719 2144 771 2182 vos
787 2123 931 2184 revisam!

104 2205 267 2279 Nunquam
283 2201 382 2260 licebit
396 2206 495 2277 eulpae
511 2221 588 2260 meae
606 2205 721 2262 veniam
737 2203 873 2262 exorare!

145 2283 184 2342 Et
199 2284 241 2340 sic
262 2285 364 2340 dolens
385 2283 537 2340 descendit
558 2287 594 2340 de
616 2295 726 2353 moute,
750 2283 931 2358 circumspi-

105 2363 186 2421 ciens
201 2364 250 2420 ubi
266 2373 364 2437 posset
381 2362 410 2418 in
425 2372 488 2418 tuto
503 2381 535 2420 sc
550 2361 707 2421 collocare.
751 2362 811 2420 Diti
826 2377 930 2420 autem

103 2441 214 2500 frustra
226 2441 385 2518 indagavit;
400 2444 519 2499 tandem
530 2444 566 2499 ad
579 2445 678 2500 locutu
693 2443 847 2500 editiorem
862 2461 931 2518 pcr-

105 2522 192 2586 venit,
202 2540 241 2578 ex
251 2523 375 2578 adversa
384 2534 477 2596 parte,
487 2522 577 2580 instar
588 2523 717 2597 parietis,
728 2537 930 2598 praeruptum.

11 2615 13 2680 ζ
105 2601 185 2658 cum
200 2599 369 2659 accuratius
382 2602 561 2674 exploraret,
582 2603 682 2660 locum
698 2602 808 2660 invenit
822 2602 931 2660 leviter

11 2687 13 2704 ¹
105 2691 295 2750 excavatum,
315 2681 386 2738 satis
399 2693 525 2756 angusto
546 2681 635 2739 aditu.
678 2681 739 2740 Hic
756 2683 781 2740 si
807 2701 932 2752 uncum,

106 2761 130 2816 si
141 2758 293 2835 scalprum
305 2771 355 2818 aut
366 2761 422 2817 alia
433 2762 549 2834 quaevis
560 2761 756 2820 instrumenta
768 2763 932 2832 habuisset,

105 2839 185 2896 facili
206 2839 325 2915 negotio
347 2857 454 2897 cavum
469 2840 497 2897 in
521 2859 594 2898 saxo
609 2841 747 2899 excisum
770 2861 825 2918 per
848 2841 931 2916 frag·

105 2931 204 2976 menta
218 2919 383 2978 habitaculo
396 2919 537 2992 idoneum
547 2919 676 2978 fecisset.
703 2920 764 2978 Sed
778 2941 848 2980 curn
861 2923 931 2978 ltaec

159 2999 205 3060 oia
217 2999 408 3072 desideraret,
421 2998 491 3058 ltuic
506 2997 615 3076 inopiae
629 3001 812 3061 medendum
827 3011 900 3060 erat.
