2048 3288
87 154 121 206 12
323 161 476 204 noerssorr
497 156 672 200 naucerus.

124 253 169 312 At
183 270 256 312 eece
270 269 397 328 vespere
409 251 539 330 quodam
554 250 736 326 gubernator
749 251 916 314 declaravit

85 353 119 396 se
143 334 282 410 flammas
307 334 478 392 relucentes
500 327 518 392 ti
543 329 707 408 longinquo
728 334 915 409 conspicere,

83 413 216 492 cumque
229 413 364 490 inspecta
378 415 481 472 tubuli
492 410 614 470 nautici
623 409 803 489 intelligeret
816 411 864 472 rel
878 417 916 474 ad

83 505 205 555 centurn
227 493 367 554 milliaria
379 493 452 552 nihil
465 505 614 554 terrarum
629 507 708 558 esse,
728 493 917 572 conjectabat

83 577 163 634 hune
183 574 288 650 ignem
302 573 375 634 nihil
389 573 471 634 aliud
486 590 554 632 esse
574 570 632 630 uisi
650 588 759 652 navem
777 575 917 636 incendio

81 656 272 732 flagrantem.
693 688 697 692 -
1013 709 1014 722 ,

124 735 188 794 Vix
204 737 271 794 haec
285 735 414 805 dixerat,
426 731 498 794 crim
510 733 540 792 in
552 750 640 792 auras
651 732 715 790 tolli
728 732 793 793 visa
806 745 853 794 ert
864 751 916 794 na·
1011 731 1014 774 Ὗ

83 817 139 887 vis,
162 815 288 875 terribili
304 833 377 874 cum
389 814 522 892 fragore,
546 823 577 872 ot
590 831 661 872 mox
677 824 738 872 tota
751 815 839 874 undis
863 817 915 874 ob·
1004 807 1014 853 -’

82 910 150 956 ruta
163 907 218 954 est.
260 895 339 956 Cum
361 891 421 954 nox
442 891 678 970 supervenisset,
694 893 767 952 nihil
781 893 916 972 amplius

83 975 165 1036 cerni
179 987 305 1053 poterat.
348 976 451 1034 Primi
470 987 572 1032 autern
596 975 664 1034 luce
678 987 822 1051 apparent
843 976 915 1034 duae

83 1059 215 1134 scaphae,
240 1075 310 1116 cum
335 1055 478 1116 fluctibus
501 1056 708 1124 colluctantes,
729 1073 799 1130 quae
821 1055 917 1114 remis

82 1135 265 1216 pertinacius
280 1137 494 1195 everberabant
507 1153 601 1202 mare,
615 1147 647 1191 ut
658 1136 694 1192 ad
706 1153 813 1194 navem
828 1153 917 1194 acce·
1013 1197 1014 1206 χ

81 1221 196 1276 derent.
238 1214 404 1291 Extemplo
420 1211 583 1290 preelectus
598 1215 745 1274 vexillum
761 1215 918 1276 nauticum
1013 1251 1014 1276 t

82 1296 241 1374 explicuit,
265 1295 438 1374 significans
462 1313 495 1352 se
518 1295 555 1354 ad
568 1313 659 1370 opetn
684 1295 745 1352 illis
760 1295 917 1356 ferendam
1013 1295 1014 1320 ¹

82 1389 222 1456 paratum
234 1394 312 1436 esse.
353 1375 451 1448 Navis
471 1374 536 1449 ipsa
549 1374 688 1432 omnibus
710 1375 787 1434 velis
802 1375 838 1434 ad
861 1392 917 1438 eos

82 1458 186 1552 tenuit,
198 1469 289 1536 atque
301 1455 378 1516 intra
388 1455 547 1516 dimidium
558 1455 641 1513 horae
654 1455 692 1514 arl
706 1455 834 1514 miseros
845 1473 916 1532 per·

81 1551 288 1698 segaginta
311 1627 404 1686 erant,
428 1615 496 1686 riri,
518 1614 664 1676 mulieres
688 1624 718 1672 et
740 1615 837 1692 pueri.
859 1614 918 1692 qui

82 1719 188 1759 omnes
201 1718 276 1758 nave
297 1697 421 1772 excepti
434 1707 512 1754 sunt.
553 1693 626 1754 Erat
648 1713 696 1752 res
717 1692 837 1754 omnino
858 1695 922 1756 min.
957 1734 960 1742 ,

9 1827 11 1834 .
83 1780 230 1852 scrabilis,
241 1777 312 1837 crim
324 1776 460 1836 infelices
469 1776 513 1833 illi
522 1775 659 1834 faucibus
668 1776 772 1832 mortis
782 1795 815 1833 se
826 1793 917 1851 ercp·
1012 1781 1013 1790 ¹

82 1871 129 1918 tos
143 1860 286 1920 viderent.
318 1857 381 1917 Alii
396 1857 477 1914 enirn
492 1855 565 1916 flere
577 1873 640 1934 prae
657 1854 777 1932 gaudio,
792 1855 841 1913 alii
852 1857 914 1914 cla·

81 1959 176 2009 mare,
190 1940 277 2016 quasi
291 1939 461 2016 periculum
476 1953 555 1994 nunc
576 1933 709 2011 primum
730 1934 916 2007 immineret;

82 2021 127 2079 illi
141 2023 279 2080 exultare
293 2020 370 2078 saltu
385 2016 579 2094 lymphatico,
596 2015 626 2074 hi
640 2011 712 2074 reru
734 2015 836 2091 pallidi
850 2033 917 2073 rna·

82 2119 140 2160 nus
160 2113 311 2178 torquere.
354 2096 499 2156 Nonnulli
519 2108 598 2154 stare
619 2096 743 2154 mutiet
765 2094 916 2170 stupenti-

81 2181 139 2240 bus
153 2181 276 2240 similes.
317 2181 419 2240 Nemo
434 2174 557 2255 quoque
571 2177 648 2236 inter
660 2189 764 2236 nautas
778 2189 840 2234 tam
853 2173 918 2232 fer·

82 2279 154 2322 reus
168 2263 240 2340 quin
256 2261 302 2320 his
316 2257 487 2340 conspectis
501 2269 673 2316 commotus
685 2257 752 2334 ipse
767 2259 917 2332 laeryma-

83 2356 176 2404 retur.

123 2423 203 2484 Ctlrn
218 2423 262 2484 eis
276 2421 421 2502 paulatim
435 2419 573 2480 rediisset
582 2417 709 2490 animus,
723 2435 802 2477 unus
812 2433 919 2476 narra·

83 2505 125 2568 rit
141 2505 212 2582 quid
227 2503 346 2563 miseris
360 2500 527 2561 accidisset.

125 2587 222 2644 Navis
236 2585 355 2644 incensa
370 2601 478 2660 magna
493 2580 633 2659 quaedam
647 2578 730 2639 navis
744 2587 808 2635 erat
831 2592 918 2634 rner-

29 2717 30 2722 ,
84 2666 195 2728 catoris
209 2666 405 2735 Francorum,
425 2682 495 2742 quae
510 2665 547 2721 ad
568 2661 696 2720 insulam
720 2661 918 2716 Martintcam

82 2749 233 2810 tendebat.
276 2745 439 2806 Exarserat
451 2741 530 2820 ignis
538 2742 572 2802 in
582 2741 723 2801 cubiculo
733 2739 918 2816 gubernato·

85 2831 137 2898 ris,
150 2828 274 2888 flammi
287 2839 348 2886 tarn
363 2823 506 2886 velociter
520 2834 683 2902 grassante,
700 2834 733 2880 ut
748 2821 831 2878 nulla
844 2815 919 2895 ejus

85 2911 301 2986 extinguendae
313 2925 384 2984 spes
395 2903 517 2964 adforet.
558 2904 622 2962 vix
639 2919 692 2980 per
704 2911 827 2976 tempus
841 2899 918 2956 liee-

85 2992 137 3051 bat
147 3007 181 3049 se
190 2990 222 3050 in
234 2990 358 3070 cymbas
368 2985 517 3066 recipere,
526 2994 558 3046 et
567 2986 604 3046 sb
614 2979 735 3046 inconst
750 2997 830 3042 uere
839 2995 918 3056 pau·
