2068 3278
329 210 481 252 sosrrsor
499 209 670 252 causostis,
756 249 758 255 ,
832 191 903 246 '10¹9

83 301 244 377 perculsis,
258 319 290 360 se
305 303 410 370 erexit,
424 314 511 376 atque
521 320 589 358 curn
601 297 793 374 respexisset,
805 299 907 355 attoni*
986 298 988 303 ’

85 393 133 438 tus
150 380 236 438 haesit
250 383 284 436 ad
304 395 458 454 aspectum
480 381 613 448 animalis
635 381 705 434 satis
720 377 829 453 magni,
845 396 910 434 cor·

85 461 174 517 nibus
189 460 297 524 curvis,
312 462 400 516 barbis
414 459 528 533 prolixi
541 461 700 532 densique,
712 460 789 531 quod
802 455 910 512 itcrdm

87 539 197 600 minaci
212 540 294 594 vultu
309 537 337 594 in
355 540 444 610 pedes
459 557 490 594 se
507 541 649 610 erigebat,
666 549 696 592 ut
708 538 739 592 in
762 537 912 592 hominem

85 615 185 674 denud
206 617 353 691 impetum
372 615 491 672 faceret.
528 619 651 687 Friday,
673 617 804 672 clamore
824 616 912 682 edito,

2 747 3 750 ,
87 696 117 752 in
131 715 213 752 mare
226 695 349 770 prosilit.

127 775 215 831 Prior
235 775 348 830 scilicet
370 769 472 842 bestia,
497 776 583 851 nigro
608 776 717 838 colore,
742 783 805 829 erat
832 773 912 829 canis

87 854 222 918 villosus,
243 855 294 928 qui
317 854 463 910 hominem
486 869 608 910 secutus
623 851 639 908 ὲ
654 872 728 910 nave
744 872 775 908 se
792 869 912 927 quoque

2 953 16 984 l·
78 931 226 1012 ¹projecit.
271 934 325 988 llle
342 930 411 988 γετὸ
426 946 572 990 tutantem
587 929 604 990 ti
618 945 703 1006 tergo
719 933 842 989 audiens
860 950 914 1004 pu·

87 1013 160 1068 tavit
178 1022 340 1068 monstrum
355 1013 481 1068 alterum
494 1013 631 1068 cornibus
645 1025 792 1068 armatum
805 1027 914 1086 urgere

87 1087 224 1165 adedque
246 1092 474 1166 exterritusest
494 1105 526 1146 ut
548 1091 595 1148 vix
613 1092 725 1162 valeret
749 1103 913 1162 pronatare.

89 1167 199 1241 Partim
214 1167 306 1225 abluit
320 1169 389 1244 quin
405 1167 774 1234 fluctibusabsorberetun
786 1186 841 1224 nec
855 1187 915 1224 res·

89 1249 189 1322 picere
206 1245 326 1323 quidem
344 1266 433 1304 ausus
450 1259 503 1305 est.
535 1246 614 1305 Cdm
636 1258 736 1304 tamen
760 1245 914 1320 puulnlsim

89 1328 222 1390 animum
238 1328 409 1400 recepisset,
423 1330 501 1384 tanti
513 1328 667 1384 velocitate
679 1327 802 1383 tranavit
818 1340 849 1382 nt
867 1325 914 1383 vix

88 1424 159 1462 eum
176 1405 256 1461 canis
271 1405 355 1479 sequi
379 1421 487 1479 posset.
533 1405 666 1460 Tandem
683 1406 765 1462 littus
788 1405 917 1480 attingit,

89 1487 231 1558 vocisque
247 1495 277 1540 et
291 1485 380 1540 ariimi
392 1486 487 1557 impos
502 1486 537 1541 ad
549 1488 641 1558 pedes
658 1485 832 1538 Robinsonle
850 1504 916 1557 pro·

88 1559 168 1620 cidit.
210 1563 300 1620 Canis
314 1581 432 1638 quoque
447 1564 553 1620 nonita
567 1559 659 1620 multd
672 1576 736 1636 post
749 1574 857 1619 terram
870 1582 916 1620 ast

89 1657 214 1718 secutus
231 1636 286 1699 est.¹

131 1724 279 1776 Robinson
303 1719 374 1778 nilril
400 1721 573 1778 intentatum
596 1721 796 1798 reliquitque
819 1721 912 1778 lidum

88 1801 160 1858 vitae
174 1796 315 1858 snlitariae
331 1801 444 1858 socium
461 1799 607 1858 reficeret.
632 1801 753 1874 Scilicet
769 1803 854 1858 illum
870 1818 916 1857 os·

89 1883 219 1948 culatur,
242 1881 382 1947 concutit,
407 1879 535 1935 momine
562 1894 653 1938 vocat.
698 1883 837 1936 Attamen
859 1897 916 1938 nou

88 1961 144 2018 nisi
163 1960 262 2032 aliquo
278 1955 421 2032 temporis
443 1960 537 2032 spatio
557 1964 667 2032 elapso,
690 1961 799 2030 Friday
814 1962 918 2016 oculos

88 2040 207 2112 aperuit
232 2037 413 2112 spiritusque
435 2035 556 2094 liberiris
578 2038 704 2094 meantis
727 2039 809 2110 signa
827 2037 917 2096 dedit.

88 2117 226 2173 Tandem
242 2118 326 2174 vocis
350 2135 404 2172 usu
427 2129 560 2190 recepto,
582 2135 698 2172 narrare
722 2116 823 2189 incipit
846 2117 918 2194 quid

87 2197 223 2254 terribile
247 2195 301 2250 sibi
322 2195 473 2262 acciderit;
495 2214 599 2252 navem
623 2195 678 2252 sini
701 2195 807 2252 montis
828 2197 919 2254 instar

86 2277 181 2349 lignei
207 2273 297 2330 visam
315 2271 426 2339 inisse,
448 2274 476 2330 in
499 2277 557 2347 quai
579 2277 689 2330 stabant
711 2287 771 2332 tres
785 2279 917 2334 excelsae

86 2357 211 2412 arbores
229 2358 237 2408 ί
244 2353 312 2408 mali
329 2352 464 2430 seilicet).
495 2353 626 2409 Bestiam
643 2355 722 2410 illam
735 2355 850 2428 nigram
863 2355 918 2412 sibi

85 2433 286 2489 adblanditam
303 2429 404 2500 fuisse,
427 2449 589 2490 monstrum
602 2431 672 2488 verti
683 2447 839 2490 connitum
855 2436 918 2490 bar·

86 2514 253 2584 harumque
276 2511 405 2576 irruisse,
430 2524 555 2568 mortem
577 2513 732 2580 intentans;
756 2513 864 2569 addidit
885 2533 917 2570 se

2 2610 8 2623 ‘
86 2591 263 2646 existimare
280 2602 441 2646 inuncti-um
457 2589 529 2645 illud
554 2608 619 2646 csse
637 2595 743 2646 montis
765 2593 853 2666 lignei
869 2611 918 2650 na·

80 2669 177 2725 'tantis
192 2671 356 2734 dominnm,
371 2667 440 2724 cdrn
458 2669 605 2726 hominem
622 2671 650 2726 in
666 2690 701 2725 eo
716 2671 839 2729 vidisset
853 2691 918 2730 our·

84 2745 156 2805 nini)
174 2751 301 2804 nullum.
505 2741 507 2747 ⁸

102 2833 106 2840 ‘
130 2829 280 2882 Robinson
301 2839 465 2883 narrantem
491 2829 630 2900 miratus,
644 2830 790 2887 intellexit
810 2831 917 2890 animai

10 2915 15 2926 ’
85 2907 163 2963 illud
186 2919 342 2962 cornutum
368 2906 436 2974 nihil
459 2907 535 2962 aliud
559 2909 616 2964 nisi
641 2928 759 2982 capram
777 2928 843 2964 esse
867 2921 919 2967 aut

86 2985 219 3043 hircum.
242 2983 394 3042 Praetereaei
405 2985 589 3046 existimavit
600 3005 722 3064 quoque
734 3005 841 3046 navem
854 3007 903 3046 scr

467 3092 470 3097 ·
528 3084 547 3121 s
