2048 3288
315 229 468 271 nontnson
490 229 661 273 causostis.
868 221 905 274 29

73 319 141 378 curi
155 319 329 389 instructus,
351 337 475 395 sperans
488 318 562 388 iore,
583 332 616 378 ut
630 319 763 397 aliquem
785 321 909 398 propitls

29 429 33 468 3
71 411 279 460 transeuntem
295 399 506 457 lamam‘facile
526 411 681 459 sterneret.
721 403 811 474 Quod
834 406 908 460 bene

73 481 232 538 successit.
275 478 355 538 cum
377 480 457 538 enim
480 497 558 537 unus
572 484 589 538 ὲ
605 483 697 556 pullis
712 483 782 540 satis
800 500 909 560 appro-

72 562 253 636 pinquasset
262 559 419 628 insidianti,
432 563 584 616 Robinson
596 561 747 618 cervicem
760 561 828 640 ejus
840 581 908 639 per·

40 651 47 660 ‘
71 641 171 698 cussit
184 655 265 700 tanto
278 643 351 709 ictu,
372 653 404 700 ιιι
419 639 575 716 extemplo
596 642 745 700 exanimis
767 642 818 700 ille
840 662 909 719 pro·

70 722 201 789 cideret,
216 721 411 797 humerisque
431 719 609 798 impositum
624 739 730 780 secum
743 722 773 781 in
798 724 909 782 habita·

70 811 181 860 culum
196 801 366 878 asportavit.

114 879 197 938 Cum
208 883 330 949 rediret,
343 881 453 938 invenit
466 881 578 959 aliquid
588 884 668 960 quod
683 886 793 959 magna
806 884 908 958 ipsum

12 957 18 968 ’
70 961 180 1021 latitia
193 963 337 1028 afficeret;
352 961 468 1018 scilicet
480 980 534 1019 sex
550 975 601 1021 aut
614 975 682 1021 octo
691 968 787 1022 malos
800 966 909 1022 citreae

71 1045 130 1101 sub
145 1043 257 1118 quibus
279 1043 413 1100 nonnulli
435 1041 553 1100 fructus
576 1041 640 1121 jam
665 1045 775 1102 maturi
790 1045 909 1102 cecide-

71 1134 149 1184 rant.
191 1123 257 1180 Illis
269 1123 388 1182 curiose
400 1121 545 1190 collectis,
560 1125 687 1199 locoque
699 1135 808 1194 notato,
822 1124 908 1182 hilari

70 1203 176 1261 animo
189 1204 314 1261 domum
329 1201 488 1262 contendit.
530 1203 576 1261 Ibi
589 1219 691 1262 sutem
707 1201 805 1280 primo
815 1203 909 1279 coepit

47 1279 52 1337 l
71 1285 189 1342 lamam
204 1285 369 1342 excoriare.
411 1283 502 1354 Quod
515 1283 639 1358 quidem
654 1282 782 1343 coniecit
796 1301 855 1360 ope
869 1283 909 1342 si·

19 1419 22 1426 ι
71 1365 144 1423 linis
158 1364 248 1433 acuti,
271 1383 331 1440 quo
345 1365 403 1438 p'ro'
414 1365 512 1421 cultro
526 1367 675 1422 utebatur.
718 1365 834 1422 Pellem
856 1366 908 1422 de·

71 1456 203 1522 tractam
218 1446 254 1502 ad
276 1446 372 1502 solem
386 1443 538 1517 expandit;
561 1443 777 1518 quamquidem
799 1443 909 1519 praevi-

73 1526 159 1581 derat
184 1525 239 1582 sibi
262 1543 320 1583 non
345 1523 492 1581 mediocri
513 1522 577 1578 fore
604 1523 732 1581 utilitati.
782 1525 908 1582 Calcea-

12 1615 15 1638 ²
72 1601 177 1662 menta
201 1605 283 1663 enim
304 1603 477 1679 tibialiaque
501 1603 670 1678 longousu
693 1603 793 1664 attrita
815 1613 907 1662 erant.

12 1715 14 1723 .
74 1683 271 1742 Existimavit
285 1702 369 1760 ergo,
387 1683 437 1740 ubi
451 1683 545 1741 calcei
559 1682 749 1755 deiecissent,
771 1703 803 1742 se
818 1703 907 1760 posse

74 1783 180 1822 soccos
196 1768 212 1822 d
229 1767 307 1840 pelle
328 1761 487 1832 conficere,
502 1783 578 1840 quos
591 1764 719 1839 pedibus
733 1766 910 1843 subligaret.

76 1845 230 1902 Sollicitus
244 1843 368 1922 quoque
386 1845 423 1900 de
438 1846 557 1920 hyeme,
580 1848 763 1922 magnopere
788 1847 907 1904 laetatns

20 1957 23 1964 ,
75 1938 120 2004 est
135 1918 216 2002 quod
233 1929 344 2001 pellem
361 1925 495 1982 villosam
507 1936 613 1982 nactus
627 1939 705 1982 esset
720 1927 782 2002 qud
794 1943 826 1982 se
838 1943 908 1983 con·

74 2015 119 2063 tra
134 2007 196 2066 vim
220 2006 341 2084 frigoris
355 2004 538 2062 defenderet.
583 2003 622 2062 Et
643 2007 767 2082 quidem
792 2005 828 2062 ab
850 2006 907 2064 ista

74 2087 277 2146 sollicitudine
303 2103 417 2144 vacuus
432 2102 499 2142 esse
514 2085 671 2158 potuisset,
696 2083 817 2143 cumin
843 2085 907 2144 istis

74 2167 249 2243 regionibus
265 2184 359 2242 prope
374 2163 519 2221 circulam
536 2166 777 2240 aequinoctialem
801 2167 907 2242 positis
952 2187 957 2198 ·

74 2246 174 2303 hiems
189 2248 226 2304 sit
240 2250 330 2313 nulla.
375 2243 443 2301 Hoc
458 2255 559 2301 autem
575 2248 726 2302 Robinson
741 2247 907 2322 ignorabat,

14 2337 15 2342 ’
74 2328 188 2402 quippe
204 2327 254 2402 qui
271 2345 345 2406 puer
359 2342 482 2384 omnem
502 2324 621 2384 omnino
636 2327 801 2384 doctrinam
822 2345 907 2384 aver·
931 2399 934 2405 Ι

73 2411 157 2464 s'atus
170 2405 290 2464 fuisses

113 2487 201 2544 Pelle
217 2487 309 2564 igitur
329 2488 469 2556 detracta,
494 2489 627 2548 exemtis
650 2487 826 2558 visceribus,
847 2489 907 2548 dit·

73 2567 217 2646 sectdque
232 2583 262 2626 ut
277 2583 390 2628 assaret
405 2567 521 2648 postica
532 2585 626 2644 parte,
641 2569 770 2645 primam
785 2569 821 2626 ad
833 2587 907 2628 veru

73 2649 311 2722 comparandum
326 2669 430 2708 curam
444 2650 580 2717 intendis
602 2662 692 2725 atque
706 2651 763 2708 hoc
785 2649 908 2708 consilio

72 2730 211 2786 arborem
222 2744 345 2788 tenuem
357 2732 482 2798 excidit,
492 2747 630 2804 eamque,
641 2732 774 2786 detracto
786 2731 908 2792 cortice,

54 2847 56 2856 ,
73 2809 110 2864 ab
119 2819 260 2868 extremo
270 2813 426 2885 praeacuin
438 2813 514 2868 duos
524 2811 631 2866 deinde
642 2825 741 2866 ramos
750 2806 802 2878 qui
812 2805 907 2859 turcae

73 2889 211 2962 speciem
228 2892 383 2956 habebant,
397 2892 513 2968 deligit,
528 2907 602 2946 vern
613 2885 765 2946 fulciendo
775 2883 907 2936 idoneos.

74 2968 161 3040 Quos
176 2969 266 3027 etiam
282 2973 318 3028 ab
333 2971 395 3044 ime
411 2987 495 3044 parte
510 2967 582 3026 cum
597 2968 738 3024 acuisset,
752 2960 780 3014 in
796 2969 908 3011 terram

74 3065 114 3108 ex
128 3051 256 3112 adverso
276 3050 393 3128 defigin
415 3063 481 3109 tum
505 3063 627 3106 carnem
641 3057 715 3102 veru
733 3030 849 3092 transfi‘·

467 3147 485 3184 c
501 3134 517 3182 2
