2048 3288
335 175 495 238 nournsou
516 175 689 218 oausouus.
728 141 730 145 Ι
890 168 926 216 55

94 283 168 344 quae
192 263 229 322 ed
251 263 428 336 deferretur,
450 285 529 324 unus
550 269 657 326 saltem
680 265 865 342 reperiretur
885 267 928 324 in·

92 345 291 420 scriptionem
319 344 407 404 istam
437 346 697 423 interpretaturus.
739 347 797 405 llis
822 359 926 404 autern

93 426 198 488 vernis
212 427 370 484 constabat:

272 551 362 604 Ferte
374 557 455 618 opem
470 555 575 620 misero
586 549 755 610 Robinsoni.

136 656 188 714 Sic
203 656 245 715 illi
258 657 388 716 nonnihil
401 655 511 733 profuit
527 661 615 716 verba
627 659 743 735 aliquot
758 657 848 716 latina
863 676 925 716 me·

91 755 229 797 mrnrsse.

134 818 203 876 Jam
232 817 330 894 inopie
357 819 528 876 calceorum
550 829 581 878 et
603 819 749 878 tibialiunr
775 821 926 874 Robinson

55 905 61 922 ⁸
89 900 228 956 maxime
251 899 402 956 laboravit.
446 899 515 956 Istis
537 901 652 958 scilicet
673 897 783 959 sensim
806 895 925 957 omnind

92 979 275 1044 dilaceratis,
301 997 416 1036 muscae
441 981 535 1036 nudos
551 979 622 1056 ejus*
633 982 725 1054 pedes
741 979 871 1036 stimulis
883 979 926 1036 so·

93 1060 225 1126 diebant,
246 1058 344 1134 iisque
368 1062 538 1134 pungebant
552 1060 702 1116 doloribus
718 1062 769 1134 qui
790 1060 838 1118 vix
852 1061 926 1116 tole·

92 1139 155 1196 rari
166 1153 308 1216 ‘possent
351 1139 479 1210 Quoties
494 1139 569 1196 sedit
584 1141 813 1196 meditabundus
827 1154 857 1198 ut
873 1159 926 1196 ex-

94 1213 243 1296 cogitaret
255 1219 397 1276 rationem
413 1219 542 1295 aliquam
558 1221 691 1296 corporis
707 1220 838 1298 tegendi!
866 1221 926 1277 Sed

93 1296 217 1358 frustrat.
259 1299 388 1357 Carebat
413 1299 493 1358 enirn
516 1299 720 1358 instrumentis
745 1315 775 1358 ct
800 1313 862 1358 arte
890 1301 926 1357 ad

93 1379 186 1438 finem
202 1381 609 1456 assequendumnecessarib.
645 1379 779 1438 Tandem
796 1382 926 1455 pellibus

92 1463 244 1519 lemarum
267 1479 343 1536 quos
367 1471 547 1516 mactaverat
563 1455 702 1516 facillime
720 1462 821 1517 vestiri
837 1481 925 1536 posse

15 1613 17 1620 Ι
94 1559 128 1598 se
151 1540 346 1603 existimavit:
387 1542 429 1596 At
444 1540 510 1598 istae
532 1541 634 1598 crudae
651 1541 818 1616 rigidaeque
833 1553 926 1609 erant,

23 1625 25 1633 '
95 1639 196 1696 neque
222 1639 352 1695 unquam
375 1619 426 1678 ille
448 1634 604 1678 curaverat
619 1622 678 1696 qua
691 1635 753 1678 arte
767 1622 795 1679 in
810 1640 925 1696 praepu-

15 1761 16 1766 χ
95 1703 195 1759 randis
210 1701 339 1776 pellibus
354 1700 454 1757 crudis
477 1697 592 1758 coriarii
605 1713 732 1760 utantur.
774 1704 876 1776 Atque
901 1701 925 1758 si

95 1786 171 1839 hanc
185 1782 339 1846 tenuisset,
359 1798 414 1838 uec
438 1798 504 1852 acu,
526 1799 581 1836 nec
599 1779 655 1838 filis
670 1782 834 1850 instructus
852 1795 925 1849 erat,

93 1880 224 1946 quorum
239 1880 297 1936 ope
317 1863 333 1918 e
354 1859 443 1917 coriis
460 1861 670 1918 vestimentum
686 1863 741 1918 sibi
757 1874 924 1918 consueret.

135 1939 290 2001 Caetertlrn
307 1941 481 2008 necessitas
495 1941 576 2012 enini
591 1954 653 1998 arte
669 1953 698 1998 ct
719 1941 851 1998 doctrinis
863 1941 924 1998 effi·

93 2023 203 2091 cacior,
229 2025 426 2098 Robineenem
457 2021 609 2078 admonuit
636 2017 787 2097 quomode
815 2021 923 2096 inopiae

90 2121 160 2162 suae
176 2095 357 2160 mederetur.
401 2099 534 2157 Pellibus
546 2099 649 2178 'igitur
673 2103 845 2177 assumptis,
861 2105 925 2160 cul·

91 2197 139 2242 tro
161 2185 275 2249 siliceo,
300 2181 352 2239 sed
382 2199 438 2238 non
461 2182 523 2238 sinc
548 2199 657 2257 magno
684 2183 784 2240 labore
807 2185 925 2240 calceos

92 2261 236 2338 primdm‚
251 2275 315 2320 tum
337 2259 447 2320 tibialia
462 2279 581 2338 quoqne
604 2263 709 2320 secuit.
751 2261 830 2334 Quae
855 2259 923 2320 ctlnr

92 2361 240 2402 consuere
255 2361 311 2400 non
327 2355 439 2418 posset,
451 2341 552 2400 incisis
562 2340 755 2402 foraminibus
771 2341 819 2400 file
835 2341 925 2422 traje-

92 2425 133 2482 cit
148 2423 260 2500 quibus
276 2442 310 2479 ea
325 2423 406 2480 circa
421 2421 506 2480 tibias
522 2422 674 2498 religaret.

27 2514 29 2520 '
131 2503 181 2562 Ex
199 2503 257 2564 alio
271 2503 400 2580 quodem
425 2504 505 2560 corio
520 2520 612 2558 curvo
636 2503 795 2580 rigidoque
811 2505 925 2564 larvam

90 2585 222 2644 coniecit
244 2604 333 2661 quarn
363 2584 480 2640 duobus
502 2581 629 2658 perfodit
653 2581 847 2642 foraminibus
870 2603 926 2660 per

90 2685 162 2742 quae
175 2667 256 2724 acies
270 2665 427 2724 oculorum
452 2673 633 2740 penetraret,
655 2664 840 2741 tertiumque
865 2682 926 2738 quo

90 2747 231 2822 spiritum
247 2764 299 2804 ore
315 2745 449 2802 duceret.

132 2827 243 2885 Statuit
267 2823 285 2884 ai
311 2823 410 2882 labore
426 2819 547 2881 omnind
571 2842 629 2884 non
650 2823 807 2890 desistere,
830 2819 925 2878 donec
1008 2865 1009 2870 ,

89 2907 210 2968 taudem
228 2906 358 2966 tunicam
381 2899 597 2979 braccasquee
620 2905 749 2980 pellibus
775 2903 925 2956 laruarum
953 2922 957 2928 ·

89 2985 282 3068 perfecisset;
304 2996 335 3045 ct
359 2981 444 3045 certe
467 2993 602 3070 reserat
627 2981 763 3040 maxime
789 2991 879 3052 operi·
