2068 3278
317 202 473 246 xosrrson
495 203 666 245 onusoaus.
873 195 910 248 83
958 196 961 202 '

4 307 5 346 l
80 313 147 354 sum
159 295 189 353 ri
200 294 271 357 inde
285 303 396 362 arceat,
411 305 440 352 et
455 295 651 370 popularibus
665 293 727 354 suis
741 295 911 358 inhumanis

77 377 194 452 prodat.
236 375 315 432 Proh
339 373 449 432 scelus!
474 375 634 451 statimque
650 375 853 436 inflammatus
867 377 910 436 iri

77 458 194 514 hastam
209 453 340 528 corripit,
356 463 387 510 ut
409 454 590 530 proditorem
609 469 816 532 persequatur,
829 458 911 516 nela-

8 605 11 608 .
77 537 182 612 riaque
196 535 319 592 consilia
341 547 371 592 et
385 535 487 610 puniat
501 548 532 593 et
546 549 716 610 praevertat.
758 535 842 596 Dum
866 539 909 596 sic

78 617 117 673 de
137 614 196 672 fide
213 614 331 672 barbari
344 615 438 680 tieret,
456 615 536 672 ridet
558 616 709 673 hominem
735 617 909 676 citatissimo

76 713 169 752 eursu
185 697 371 753 redeuntem.
415 695 568 750 Robinson
584 693 661 752 sistit
674 697 910 772 gradum,mira·

75 787 186 850 turque
210 791 282 834 eum
300 793 391 850 quem
414 775 611 850 proditionem
634 777 798 834 machinari
813 779 910 852 auspi·

76 865 162 912 catus
176 853 284 922 iuerat,
298 856 452 913 sublatum
466 855 609 930 graminis
624 855 698 913 aridi
720 859 909 932 nranipulum

4 965 5 970 κ
75 946 179 992 tenere
194 936 271 992 unde
286 933 389 992 lomus
403 935 562 992 oriebatur.
604 935 671 993 Jarn
694 936 723 994 in
751 936 908 998 flammam

74 1015 217 1091 erumpit;
240 1027 271 1072 et
294 1016 407 1086 Fridoy
421 1017 574 1091 manipulo
587 1017 616 1073 in
631 1026 741 1076 terram
762 1017 908 1095 projecto,

74 1095 156 1152 addit
181 1095 341 1172 diligenter
373 1095 522 1173 majorem
551 1095 695 1172 graminis
717 1097 790 1154 aridi
818 1091 908 1172 atqtie

75 1185 296 1232 sarmentorum
313 1175 440 1250 copiam,
456 1176 634 1252 clarumque
650 1189 679 1234 et
693 1178 847 1236 ardentem
862 1179 907 1253 lg·

73 1272 143 1312 nem
159 1255 323 1322 succendio
344 1255 550 1332 quodquidam
565 1273 620 1314 non
636 1257 783 1316 minorem
797 1258 908 1312 Robin-

74 1341 138 1391 rom'
152 1335 287 1393 laetitiam
304 1341 395 1410 quam
411 1335 636 1394 admirationem
648 1335 751 1395 morit.
981 1409 985 1418 „

115 1415 197 1472 Turn
213 1418 369 1491 comperta
383 1419 474 1474 causa
488 1430 611 1491 propter
625 1435 715 1492 quam
728 1419 839 1490 Frtday
857 1436 907 1476 su·

72 1492 134 1554 bitti
149 1507 335 1562 excurrerat,
349 1494 419 1552 cum
436 1495 502 1569 ipse
521 1508 631 1553 tantam
648 1496 783 1554 laetitiam
796 1515 906 1570 capere

72 1593 130 1632 non
143 1587 254 1650 posset,
276 1575 324 1632 hic
344 1575 433 1633 illum
455 1578 616 1650 amplexus
637 1577 851 1654 osculatusque
863 1591 907 1634 ta·

73 1655 132 1714 cite
146 1668 231 1730 rogat
246 1665 467 1730 praeconceptae
481 1656 659 1730 suspicionis
674 1655 801 1732 veniam.

114 1735 237 1792 Scilicet
260 1737 372 1808 Frrdoy
395 1735 555 1812 diligenter
569 1739 685 1812 sylvam
700 1736 825 1811 petierat
841 1745 874 1794 ut
888 1740 905 1794 e
985 1729 989 1738 ’

70 1826 180 1874 trunco
196 1815 278 1872 arido
293 1815 353 1873 duo
368 1815 441 1890 ligni
455 1815 622 1890 fragmenta
638 1816 801 1874 excideret.
824 1815 904 1888 Quae

69 1895 122 1954 ille
137 1895 211 1952 scite
225 1897 353 1952 alterum
378 1897 471 1953 altero
486 1895 635 1954 colliserat
656 1898 736 1954 tanta
749 1896 904 1954 celeritate

70 1985 105 2034 ut
125 1975 229 2052 ignem
252 1975 452 2050 conciperent.
495 1975 578 2034 Turn
600 1973 688 2034 citirls
711 1975 802 2050 lignis
821 1976 904 2034 arido

70 2055 207 2132 gramine
219 2054 370 2122 involutis,
384 2073 456 2114 cum
467 2055 525 2114 isto
539 2057 691 2133 manipulo
701 2067 904 2130 procurreret,

69 2137 132 2211 qud
147 2137 247 2192 mortis
261 2135 419 2192 velocitate
435 2149 588 2194 exarserat
603 2135 728 2194 loeuum.

110 2213 281 2290 Tantoperd
297 2214 457 2290 agitatione
476 2213 666 2275 flammarum
685 2217 837 2272 Robinson
852 2219 903 2276 de·

68 2296 199 2353 lectatus
215 2307 261 2354 est
277 2308 308 2352 ut
322 2287 443 2352 illarum
458 2307 582 2369 aspectu
598 2295 697 2353 satiari
717 2314 773 2353 non
790 2307 902 2372 posset.

68 2373 207 2432 Tandem
233 2375 353 2449 arrepta
368 2375 457 2444 taeda,
477 2374 587 2432 comite
603 2377 726 2446 Fridcy,
746 2375 775 2433 in
791 2377 904 2436 habita·

66 2457 173 2515 culum
189 2457 339 2530 properat.

106 2535 192 2592 Tum
206 2535 278 2610 igne
292 2551 431 2603 accenso,
440 2535 653 2612 nonnullisque
668 2537 838 2596 solanorum
855 2549 902 2597 tu·

64 2609 189 2672 boribus
204 2614 284 2672 circa
304 2613 406 2672 focum
427 2615 541 2690 positis,
562 2619 596 2674 ad
620 2634 749 2692 gregem
771 2615 900 2686 festinat;

65 2695 157 2762 lamae
173 2695 292 2768 pullum
308 2694 404 2769 eligit,
418 2706 538 2760 mactat,
549 2695 689 2764 dissecat,
702 2708 901 2774 quartamque

65 2773 136 2852 ejus
155 2771 275 2850 'partem
290 2791 366 2832 reru
387 2775 491 2851 affigit,
513 2778 592 2851 quod
617 2776 699 2836 socio
721 2779 901 2836 versandum

63 2855 196 2912 mandat.
624 2920 627 2926 ¹

104 2931 226 2993 Intered
238 2935 311 2994 dum
322 2933 375 2992 ille
385 2935 441 2992 hoc
451 2935 731 3011 munerelungitur‚
747 2936 899 2990 Robinson
922 2951 925 2960 ¹

63 3025 260 3092 segmentum
272 3015 404 3091 pectoris
416 3025 561 3092 amputatr
574 3027 650 3074 tum
662 3015 802 3088 nonnulla
815 3013 900 3070 tube·
