2048 3288
327 159 485 199 uotrrusou
506 157 679 200 ouusouus.
881 151 918 202 23

91 263 234 324 magnam
250 247 317 326 ejus
332 249 447 324 copiam
463 248 581 320 evulsit,
601 249 818 326 colligatosque
833 247 920 308 fasci·

91 329 180 384 culos
195 326 224 384 in
239 345 345 402 aquam
360 328 513 385 demersit.

132 406 250 464 Diebus
275 409 386 484 aliquot
412 406 544 482 peractis
567 407 639 465 cum
663 408 920 466 animadvertisset

92 485 274 542 exteriorem
299 497 431 544 crustam
459 489 536 561 aqud
557 487 621 564 jam
647 485 718 545 satis
745 488 920 555 emollitam,

91 562 243 622 fasciculis
257 565 323 622 inde
339 565 471 630 sublatis,
488 566 597 640 stirpes
613 566 763 624 molliores
777 565 868 623 factas
883 569 920 624 ad

92 645 187 701 solem
203 644 338 717 apricum
353 644 511 720 explicuit.
554 645 673 716 Quibus
695 645 747 702 vix
763 646 919 703 mediocri·

89 733 137 779 ter
151 723 270 780 siccatis
284 725 406 782 tentavit
420 743 492 781 num
508 725 562 780 hoc
574 722 696 800 qudque
709 724 761 782 lini
774 725 865 781 instar
875 743 920 780 re-

26 809 29 814 '
91 802 186 877 petito
199 801 285 861 fustis
299 803 360 862 ictu
372 803 484 861 conteri
500 815 610 877 posset.
653 801 794 879 Cumque
810 821 858 859 res
879 821 918 860 ex

90 882 236 939 sententia
250 883 400 951 cessisset,
414 881 570 940 confestim
581 881 732 940 funiculos
743 882 843 938 facere
857 893 919 938 ten·

89 971 133 1018 tat
146 963 226 1020 tanti
241 960 393 1030 firmitate,
414 974 447 1019 ut
458 963 606 1019 'concham
619 963 727 1019 baculo
742 961 861 1019 affixam
877 963 919 1020 al-

88 1039 185 1115 ligare
199 1052 311 1116 posset.
353 1041 391 1108 Et
408 1043 451 1098 sic
468 1039 570 1098 babuit
585 1041 816 1098 instrumentum
840 1040 919 1098 baud

91 1119 229 1177 absimile
243 1119 335 1194 ligoni
349 1120 472 1178 olitoris.

130 1198 214 1256 Tum
226 1198 298 1256 verd
312 1218 389 1275 opus
403 1198 523 1258 assidui)
539 1209 718 1274 persecutus
730 1211 786 1262 est,
800 1198 918 1256 densas·

89 1295 152 1352 que
165 1279 316 1337 conseruit
326 1281 456 1348 arbores,
471 1280 565 1336 donec
580 1282 712 1337 areolam
727 1287 796 1335 ante
810 1295 917 1352 propo·

89 1356 183 1414 situm
208 1356 263 1414 sibi
278 1358 478 1416 habitaculum
503 1356 623 1415 omnino
650 1357 802 1431 sensisset,
829 1369 918 1434 atque

88 1434 156 1493 inde
172 1437 258 1512 quasi
272 1438 370 1512 paries
384 1437 499 1495 exstitit
520 1435 595 1494 aded
614 1437 740 1505 validus,
754 1447 788 1492 ut
805 1433 919 1494 nonnisi

89 1515 121 1574 vi
137 1519 231 1574 multa
245 1517 415 1592 expugnari
430 1527 540 1590 posset.

130 1596 202 1654 Illas
217 1598 352 1660 veniente
364 1596 422 1664 die,
436 1595 503 1658 illas
513 1595 675 1653 decedente
686 1594 831 1671 irrigabat
843 1598 919 1670 aqua

89 1673 200 1732 efonte
213 1676 352 1750 proximo
367 1677 479 1742 hausta,
493 1692 527 1732 ae
541 1673 623 1732 brevi
634 1693 744 1751 magno
759 1693 829 1732 cum
847 1693 919 1750 gau·

87 1755 139 1812 dio
153 1767 272 1813 teneras
295 1755 368 1812 vidit
389 1757 510 1812 arbores
531 1771 601 1811 suas
624 1756 817 1821 virescentes,
839 1771 919 1810 cres-

89 1847 254 1911 centesque
279 1833 352 1892 adeo
367 1833 494 1892 feliciter
515 1846 549 1890 ut
563 1833 640 1891 mira
656 1845 737 1890 esset
750 1834 779 1890 in
795 1833 861 1908 ipso
874 1851 920 1890 as·

88 1926 181 1989 pectu
197 1913 255 1972 loci
267 1915 432 1974 amoenitas.

130 1992 210 2051 cum
224 2007 345 2069 septum
368 1992 555 2070 perfecisset,
576 1992 750 2050 continuum
765 1990 837 2049 resti
860 2001 919 2048 tor·

88 2074 218 2150 quendae
232 2073 377 2148 impendit
390 2074 481 2141 diem,
501 2091 540 2132 ex
555 2076 615 2148 qud
629 2073 684 2130 sibi
701 2073 810 2130 scalam
829 2069 919 2128 confi·

88 2164 184 2211 cereta
214 2154 349 2211 noluerat
375 2153 454 2210 enirn
485 2152 689 2210 habitaculum
719 2169 808 2208 suum
836 2153 920 2225 porti

87 2233 244 2301 claudere,
258 2251 295 2290 ue
312 2233 384 2291 satis
406 2231 493 2290 firma
507 2250 562 2289 non
585 2231 661 2289 foret
678 2232 822 2288 adversus
844 2229 920 2286 irru-

87 2312 169 2369 entis
182 2311 253 2370 lerae
268 2312 427 2388 impetum.

16 2453 19 2460 ⁴
130 2392 211 2464 Quae
227 2410 318 2466 rupes
333 2394 500 2454 habitaculo
514 2385 702 2459 imminebat,
718 2390 844 2446 habebat
862 2387 919 2446 cir·

88 2471 168 2530 citer
191 2472 351 2529 duodecim
378 2475 491 2547 pedum
518 2471 712 2530 altitudinem.
758 2468 859 2526 Stabat
890 2469 919 2525 in

88 2554 210 2610 summa
224 2553 311 2610 arbor
324 2553 374 2609 cui
384 2556 494 2611 scalam
509 2553 550 2610 ita
563 2550 706 2626 alligavit,
719 2559 752 2604 ut
765 2547 794 2604 in
809 2559 919 2606 terram

88 2631 283 2705 dependeret.
325 2631 408 2689 Tum
427 2633 492 2708 ipse
518 2630 717 2688 conscendere
737 2644 843 2700 rupem
867 2645 918 2698 ag·

88 2727 216 2790 gressus
233 2721 290 2780 est;
304 2728 439 2786 quaeres
455 2729 494 2768 ex
509 2723 577 2767 voto
592 2707 691 2766 cessit.
899 2773 906 2786 Ι

131 2789 189 2848 His
204 2789 343 2848 omnibus
359 2789 510 2857 confectis,
529 2806 633 2844 secum
649 2787 816 2843 deliberare
828 2783 921 2846 coeplt

87 2867 369 2947 quomodbcavum
390 2880 516 2944 augeret
530 2867 570 2924 ita
584 2878 616 2922 ut
638 2875 719 2919 esset
741 2857 869 2932 spatium
891 2850 921 2903 in

87 2969 149 3026 quo
163 2949 318 3024 babitaret.
360 2949 464 3024 Atque
486 2943 577 3004 facile
591 2939 741 3001 intellexit
762 2934 821 2988 tale
844 2941 921 2998 opus
