2048 3288
94 178 130 230 ⁵4
327 183 486 226 uostusort
507 173 685 225 causostis.

92 279 211 338 dolores
232 293 305 334 eum
316 277 484 343 manebant,
498 276 630 332 vestibus
639 272 760 332 omurnd
775 263 934 384 iaceratisd·

92 361 196 434 Atque
209 359 265 414 hoc
280 368 343 412 erat
357 355 386 412 in
400 355 549 430 proximo.

133 439 183 496 Ad
197 438 272 494 hanc
284 433 486 494 calamitatem
502 435 662 492 accedebat
673 431 757 510 quod
768 446 928 510 parentum

93 509 306 592 societatisque
322 517 462 574 humanae
475 515 624 574 desiderio
633 514 750 572 animus
761 515 830 592 ejus
844 513 927 608 saepe

92 607 256 656 teneretur.
297 595 399 668 Quam
420 599 458 654 ob
484 613 548 654 rem
569 614 627 654 non
649 597 744 652 semel
766 595 928 672 ingemuit,

93 676 163 736 ctlm
190 675 206 734 ἑ
232 675 341 746 littore,
369 678 466 734 oculis
493 675 620 733 madidis
646 685 676 734 et
705 676 928 752 languentibus,

92 757 196 816 oceani
236 758 506 830 circumspectaret
547 755 793 825 immensitatem,
823 775 927 849 ireque

93 837 174 898 aliud
197 849 309 914 praeter
322 855 442 927 aquarn,
465 847 577 911 praeter
598 839 712 894 coelum
727 837 927 912 conspiceret.

94 917 222 990 Quoties
236 917 353 974 animus
371 916 439 995 ejus
461 918 551 974 dubia
572 935 625 991 spe
642 915 798 992 pendebat,
816 913 887 974 ctlm
910 915 928 976 ὲ

93 999 257 1074 longinquo
269 997 455 1074 prospiceret
469 998 650 1055 nubeculam
662 1017 700 1052 ex
718 1013 839 1072 aequore
854 1015 928 1074 qus-

94 1079 120 1136 si
130 1088 350 1153 emergentem,
360 1097 449 1153 quam
464 1078 519 1138 sibi
532 1077 711 1153 cogitatione
721 1095 828 1136 navem
841 1077 929 1136 malis

93 1159 230 1236 velisque
254 1159 428 1218 instructam
444 1155 586 1232 fingebat!
610 1155 689 1214 Crlm
704 1154 775 1214 verd
791 1175 926 1215 errorem

92 1259 182 1300 suurn
198 1237 459 1302 animadverterat,
478 1252 588 1317 quanto
606 1242 701 1302 luctu,
712 1240 822 1314 quantit
836 1238 926 1296 animi

94 1318 273 1395 aegritudine
287 1336 451 1394 oppressus
465 1319 588 1374 domum
605 1317 822 1374 revertebatur!

133 1400 260 1458 Veritus
280 1411 381 1456 autem
397 1417 433 1455 ne
446 1397 528 1455 navis
543 1396 642 1474 aliqua
655 1398 784 1455 insulam
800 1409 926 1473 praeter·

94 1483 253 1540 veheretur
268 1492 319 1538 aut
344 1480 434 1536 etiam
458 1480 535 1553 apud
563 1497 628 1536 cnm
644 1481 788 1536 anchoras
800 1477 926 1556 jaceret,
1014 1471 1015 1548 J

92 1559 163 1618 etim
176 1559 278 1636 ipsein
295 1559 394 1618 littore
410 1579 465 1617 non
481 1561 607 1626 adesset,
621 1559 650 1615 in
662 1561 778 1616 tumulo
793 1561 926 1634 quodam

92 1642 241 1698 eminente
256 1639 377 1714 signum
393 1641 511 1714 erigere
537 1640 647 1706 statuit,
669 1657 728 1714 quo
746 1639 925 1713 appellenti-
1014 1645 1015 1696 i

93 1723 149 1778 bus
178 1737 262 1775 suam
292 1719 492 1776 calamitatem
524 1718 675 1776 indicaret.
732 1719 833 1777 Stabat
869 1739 925 1794 pro
1012 1771 1013 1780 ,

92 1799 180 1874 signo
189 1799 306 1874 tignum
329 1819 369 1856 cx
384 1817 443 1875 quo
458 1799 619 1868 indusium,
631 1812 664 1856 ut
675 1811 737 1856 erat
749 1797 869 1856 omninb
882 1813 925 1857 at-

93 1881 208 1948 tritum,
232 1883 438 1953 suspenderat,
468 1881 557 1936 verba
584 1882 798 1955 quoque-palo
819 1881 924 1938 inscri-
1014 1883 1015 1916 ³

92 1963 164 2017 bere
180 1962 374 2016 vehementer
403 1959 524 2033 optavit,
540 1961 651 2034 quibus
671 1955 813 2017 miseram
837 1977 923 2017 suam

93 2039 293 2104 conditionem
315 2039 446 2114 apertius
467 2039 660 2114 signiticaret.
701 2041 771 2112 Qua
785 2037 857 2098 verb
878 2059 925 2098 ra·

92 2118 184 2178 tione?
227 2119 321 2178 Nulla
337 2121 394 2177 alia
406 2132 469 2176 erat
483 2119 512 2176 in
525 2132 680 2195 potestate,
694 2121 750 2179 nisi
762 2135 794 2178 ut
811 2121 925 2179 litteras

93 2205 191 2258 cultro
202 2199 319 2276 lapideo
333 2202 527 2275 insculperet:
550 2203 676 2276 quanam
692 2213 792 2259 autem
808 2201 924 2277 tinguat

135 2282 167 2338 Si
196 2283 276 2338 enirn
299 2279 454 2337 Gallicum
483 2282 530 2336 vel
547 2281 722 2356 ‘Anglicum
751 2299 923 2340 sermonem

93 2364 280 2436 usurpasset,
295 2359 360 2418 lieri
386 2373 501 2435 poterat
524 2375 557 2419 ut
570 2363 652 2419 navis
667 2361 858 2430 Germanica,
873 2373 925 2420 aut

8 2471 9 2476 κ
93 2440 238 2514 Hispana,
252 2452 304 2504 aut
318 2441 460 2500 Lusitana
479 2438 677 2517 appelleret,
670 2461 699 2500 m
710 2442 819 2518 quibus
833 2460 924 2500 nemo

8 2529 9 2534 ’
92 2521 296 2595 navigantium
312 2519 561 2600 significationem
585 2526 744 2580 verborum
759 2522 924 2580 intellexis-

94 2611 149 2658 set
191 2599 278 2656 Forte
294 2603 449 2660 nonnullas
465 2621 556 2660 voces
570 2595 674 2662 litinas
685 2605 925 2673 recordatusest,
944 2639 955 2662 t

93 2681 202 2756 quibus
216 2692 319 2736 votum
330 2700 419 2739 suum
435 2683 630 2758 exprimeret.

133 2759 285 2834 Linguam
307 2759 385 2816 enim
414 2761 534 2818 latinam
549 2761 650 2820 cuncti
670 2759 803 2839 Europae
820 2763 927 2858 populi

91 2850 203 2906 tenent,
219 2852 250 2898 et
273 2839 408 2914 plerique
423 2859 529 2899 eorum
541 2843 594 2918 qui
615 2843 776 2902 liberaliter
796 2839 926 2902 instituti

8 2937 10 2954 >
92 2936 159 2976 sunt
160 2923 316 2994 ,aliquam
331 2912 491 2998 certeejus
507 2936 621 2996 partem
637 2925 815 3002 intelligunt.
830 2923 926 3000 Prop-

8 3013 10 3047 ι
92 2997 175 3058 terea
190 3003 340 3094 Robinson
365 3000 496 3082 sperarit
519 2997 583 3062 fore
605 3003 681 3064 utin
702 3005 836 3082 quilibet
852 3003 933 3064 navi·
