2068 3278
124 185 175 236 llu
356 191 515 237 nostusou
536 196 704 239 causostis·

120 289 200 366 pulis
221 289 340 346 affixam
363 289 520 345 deferatur.
561 289 600 346 Et
618 307 690 347 mox
714 287 849 364 proiecti,
868 291 936 347 liora
1003 297 1004 368 l

120 369 241 426 dimidia
255 367 303 424 vix
320 369 432 442 elapsi,
446 369 479 424 ad
498 387 600 424 navem
617 369 803 442 perveniunt.

160 447 279 519 Quibus
301 457 371 504 tunc
393 447 509 522 gaudiis
532 449 677 514 Robinson
694 448 848 514 exultavit,
868 451 938 506 dum

120 527 172 584 ille
201 529 236 584 ad
264 545 366 582 navent
397 527 548 600 ingentem
578 544 786 600 europaeanam
815 527 938 585 accedit!
1003 565 1004 598 2

999 635 1004 737 j

121 605 230 662 Parum
246 605 337 662 abl'uit
358 605 429 680 quin
445 607 521 662 latus
537 605 604 682 ejus
618 603 813 663 oscularetur.
855 606 939 664 Adel)

121 687 240 746 charam
257 685 335 740 illam
354 685 486 746 habebat,
501 683 580 760 qudd
593 703 632 741 ex
647 684 766 758 Europa
776 687 941 758 advenerat,

122 764 201 842 qudd
217 765 252 822 ab
269 763 425 836 Europaeis
439 764 593 832 aedilieata,
607 765 642 818 ab
657 763 813 838 Europaeis
826 764 881 821 hirc
894 769 942 823 ad·

122 845 212 900 ducta
228 843 333 899 luerat!
356 843 531 899 charissimi
542 856 640 899 autem
652 841 699 898 isti
711 843 862 916 Europaei,
875 846 941 902 heu!

123 933 313 988 evanuerant,
349 923 506 997 undisque
529 921 626 978 forsan
660 923 755 980 obruti
784 923 943 997 perierant.
1003 961 1004 976 i

122 1001 324 1076 Quaequitlem
343 1001 474 1075 suspicio
488 1000 678 1058 acerbissima
695 1004 870 1057 Robinsonia
886 1005 944 1061 aoi-
1003 1011 1004 1068 ζ

123 1099 208 1138 mum
223 1078 405 1156 magnopere
420 1079 533 1148 afflixit,
547 1080 598 1154 qui
610 1082 655 1137 vel
669 1079 869 1142 dimidiavitae
880 1101 942 1142 suae

124 1174 206 1236 parte
222 1160 309 1216 vitam
320 1175 423 1216 eorum
436 1159 622 1226 redemisset,
633 1172 666 1216 ut
676 1177 745 1216 eum
756 1161 830 1234 ipsis
841 1161 870 1218 in
883 1161 944 1220 Eu·

123 1247 227 1315 ropant
246 1249 452 1296 reverteretur.
496 1239 561 1295 Hac
577 1236 647 1295 verd
662 1239 741 1295 omni
763 1257 814 1314 spe
830 1243 944 1300 sublata

79 1381 81 1388 ,
123 1320 195 1378 nihil
219 1328 383 1392 supererat,
406 1317 460 1375 nisi
483 1328 515 1374 ut
536 1335 575 1374 ex
595 1318 662 1380 uavi
682 1329 813 1376 servaret
834 1331 945 1378 tantam
1003 1313 1004 1364 ἶ

124 1399 343 1474 supellectilem
354 1408 492 1472 quantam
506 1409 615 1472 posset,
629 1415 755 1472 eamque
765 1397 794 1454 in
809 1401 947 1474 proprios

125 1497 198 1556 usus
224 1487 417 1534 converteret.
460 1477 563 1551 ltaque
588 1477 657 1533 ratis
681 1493 737 1550 ope
760 1495 867 1534 navem
891 1479 946 1536 eir·

125 1570 304 1616 cumvectus
326 1567 381 1622 est,
402 1553 526 1612 fundum
553 1557 644 1612 maris
670 1554 844 1613 tentaturus.
887 1557 947 1614 Sed

124 1655 194 1694 mox
210 1652 267 1692 non
282 1635 344 1691 sine
358 1651 467 1708 magno
477 1635 576 1691 dolore
592 1635 738 1692 intellexit
748 1633 871 1692 mininie
882 1654 948 1694 esse

124 1717 303 1790 sperandum
320 1724 351 1770 ut
366 1715 416 1770 illa
431 1733 560 1789 unquam
575 1715 737 1787 navigaret3
752 1715 864 1790 quippe
878 1735 948 1792 quae

125 1795 201 1853 inter
226 1797 300 1851 duos
325 1797 465 1868 scopulos
490 1795 519 1850 vi
532 1794 718 1866 tempestatis
745 1794 883 1872 conjecta
910 1796 950 1854 ita

126 1875 258 1944 haerehat
274 1885 305 1929 ut
321 1873 402 1947 pland
419 1873 532 1930 moveri
546 1889 602 1928 non
617 1883 732 1946 posset.¹
903 1937 908 1946 .

166 1953 236 2024 Qua
257 1970 309 2026 spe
331 1951 492 2008 destitutus
510 1955 654 2006 Robinson
678 1967 784 2007 navem
807 1969 951 2013 conscen-

127 2033 196 2090 dere
213 2043 361 2106 properat‚
374 2047 448 2104 opes
458 2031 567 2106 quibus
579 2031 628 2087 illa
639 2042 756 2088 onerata
768 2043 832 2090 erat
843 2034 951 2108 explo-

128 2123 254 2175 raturus,
276 2127 310 2167 an
333 2117 431 2167 essent
445 2109 619 2166 incolumes.
662 2111 773 2181 Friday
789 2123 904 2180 autem,
918 2113 954 2170 ti-

127 2191 220 2252 moris
237 2189 365 2246 hesterni
385 2206 441 2244 non
463 2189 633 2254 immemor,
654 2189 805 2248 dominum
821 2190 849 2246 in
865 2194 956 2268 stega

45 2311 52 2318 ,
128 2269 262 2330 comitari
278 2270 327 2326 vix
340 2267 475 2324 audehat.
507 2268 726 2324 Verumtamen
740 2285 810 2326 eum
826 2282 956 2328 secutus

129 2362 185 2417 est,
207 2345 374 2424 quanquam
389 2348 547 2422 trepidans
568 2347 665 2403 statim
687 2347 766 2404 enirn
781 2360 955 2407 monstrum

129 2429 200 2486 illud
218 2441 374 2484 commum
390 2425 485 2483 oculis
499 2425 580 2482 illius
595 2444 626 2482 se
638 2427 752 2484 obtulit.
794 2427 861 2484 Jam
881 2426 956 2485 verd

117 2507 172 2564 ·illi
186 2523 241 2561 non
257 2505 368 2563 tantum
383 2516 446 2561 erat
467 2507 610 2573 audaeiae3
636 2506 748 2580 quippe
762 2504 957 2565 debilitatum

129 2585 255 2662 jacebat,
276 2595 308 2640 ut
324 2585 373 2641 vix
386 2597 511 2659 surgere
527 2602 614 2659 posse
629 2585 788 2652 videretur,
809 2587 959 2664 quoniam

130 2679 185 2737 per
198 2661 328 2716 triduum
345 2664 453 2734 pabulo
466 2671 610 2720 caruerat.
652 2662 751 2740 Cujus
765 2664 808 2722 rei
827 2683 958 2724 causam

132 2743 283 2796 Robinson
305 2739 482 2812 intelligens,
496 2755 569 2816 ,ante
590 2743 686 2798 omnia
708 2744 823 2800 curavit
837 2758 873 2802 ut
889 2747 959 2802 bes·

129 2819 201 2874 tiam
230 2815 307 2872 farne
334 2814 395 2870 sere
422 2831 628 2894 consumptam
656 2823 763 2896 pabulo
790 2836 958 2882 recrearet.

131 2893 209 2951 cum
233 2892 303 2951 verd
329 2893 423 2950 varias
445 2911 500 2950 non
522 2898 671 2973 ignoraret
694 2913 803 2974 partes,
824 2903 854 2960 in
880 2919 960 2979 quas

110 2973 212 3028 -navis
222 2971 341 3037 interior
352 2971 487 3030 distribui
500 2978 585 3047 solet,
598 2976 734 3048 accurate
746 2981 845 3039 onrrtia
854 2981 959 3062 inqui-
