2068 3278
337 229 495 271 sosimus
512 199 685 270 causostis.
885 219 923 271 93

98 321 163 400 quis
177 333 300 392 terram,
311 323 381 399 quis¹
391 320 538 390 spiritalia,
549 321 691 398 teipsum
701 319 831 398 denique
843 339 926 380 crea-

95 402 182 461 verit?

135 482 204 541 Far.
227 477 375 541 Profecto!
403 484 526 552 Toullon
542 479 598 540 ista
609 483 730 540 creavit.

136 563 215 622 Ros.
238 563 386 636 Quisnam
400 575 446 621 est
465 565 588 632 Toupan
600 559 665 619 illel

134 643 203 702 Far.
227 646 257 702 ls
271 644 324 720 qui
336 655 426 702 tonat.

135 722 213 782 Ros.
236 723 384 796 Quisnam
399 721 470 782 roro
485 722 536 780 illc
550 733 595 781 est
610 721 662 800 qui
675 721 767 780 tonat?

135 803 204 861 Fm.
228 805 327 861 Senex
343 817 389 862 cst
403 815 490 862 aetate
508 803 752 878 provectissimus
767 802 819 878 qui
833 804 928 864 omui·

73 913 74 916 ¹
95 886 151 940 bus
172 883 291 942 caeteris
316 887 406 943 rebus
427 893 579 958 superstes
600 897 655 950 est,
675 883 791 960 quique
814 881 925 943 tonitru

98 963 197 1022 efficit.
239 966 335 1022 AEtate
350 967 454 1032 solem,
477 965 577 1020 lunam
593 963 756 1050 stellasque
772 961 860 1040 longe
878 981 927 1022 su·

95 1056 189 1119 perat,
211 1062 377 1120 omnesque
392 1043 557 1101 animantes
570 1061 642 1101 eum
656 1044 785 1101 adorant.
821 1041 862 1100 0!
885 1043 927 1102 di·

94 1139 205 1182 centes.

135 1205 213 1262 llos.
236 1205 408 1278 Quemnam
423 1203 453 1261 in
467 1204 569 1264 locum
580 1212 788 1278 postmortem
801 1203 926 1262 commi-

95 1294 182 1359 grant
196 1286 241 1342 tui
255 1282 429 1360 populares?

93 1362 165 1424 Fet.
187 1365 237 1422 Ad
254 1367 377 1433 Toullon
391 1373 591 1423 revertuntur.

6 1443 8 1452 '
131 1444 210 1502 Ros.
234 1444 365 1502 Ubinam
381 1441 453 1502 vero
467 1443 520 1502 ille
536 1441 659 1503 habitati

132 1523 204 1583 Far.
226 1525 261 1582 In
273 1525 407 1584 excelcis
419 1524 577 1582 montibus

134 1604 214 1664 Ros.
236 1605 322 1663 Nutu
339 1604 447 1682 aliquis
458 1621 529 1662 eum
543 1603 583 1662 ibi
593 1601 679 1662 vidit?

134 1683 204 1742 Far.
226 1686 258 1744 N
260 1684 351 1742 emitti
363 1683 409 1742 fas
423 1695 470 1743 eat
483 1701 555 1744 eum
568 1683 651 1741 adire
671 1682 728 1742 nisi
751 1687 931 1758 Owokaket'e,

92 1762 196 1832 idest,
211 1765 426 1823 sacerdotibus.
469 1765 519 1824 Illi
532 1765 562 1824 Ο
576 1763 712 1823 dicentes
723 1783 794 1824 eum
805 1765 930 1826 interro·

82 1843 178 1921 rgunt,
192 1863 228 1904 ac
237 1846 344 1904 deinde
356 1845 439 1904 nobis
453 1844 586 1904 referunt
600 1845 668 1924 ejus
683 1861 835 1921 respousa.

132 1923 213 1984 Ros.
235 1925 299 1999 Qui
312 1937 415 1984 autem
428 1935 497 2002 post
509 1936 638 1984 mortem
654 1926 775 1985 adeum
788 1925 931 2005 migrem,
1027 1939 1028 1960 ¹

89 2021 167 2062 num
181 2005 325 2064 felicitate
338 2006 438 2084 aliqua
447 2005 599 2072 fruuntur}

135 2083 206 2144 Fru.
227 2083 304 2143 Sane
318 2085 363 2144 illi
377 2087 512 2161 quidem,
536 2087 562 2144 si
577 2095 719 2164 magnam
732 2085 867 2146 hostium
880 2105 930 2148 co·

92 2163 178 2242 piam
194 2166 391 2225 mactaverint
405 2179 495 2242 atque
507 2167 701 2224 comederint.

133 2245 206 2312 Quo
222 2247 323 2304 audito
338 2249 491 2302 Robinson
502 2247 655 2306 cohorruit
669 2245 830 2323 statimque
844 2247 931 2306 illum

89 2325 222 2384 meliora
233 2327 272 2384 de
283 2326 351 2384 Deo
361 2325 702 2402 vitaqualumredocere
713 2329 817 2403 cepio
828 2327 931 2384 Deum

88 2423 207 2481 nempe
221 2425 289 2464 esse
302 2407 548 2483 omnipotentem,
561 2406 813 2482 sapientissimum
828 2406 932 2486 benig·

87 2486 326 2562 nissimumque3
349 2488 401 2564 qui
421 2487 521 2544 omnia
541 2487 699 2557 creaverit,
717 2487 816 2545 omnia
835 2497 934 2565 regat,

89 2567 235 2625 omnibus
257 2570 402 2637 consulat;
426 2567 527 2642 ipsum
548 2579 650 2626 autem
669 2563 821 2642 nunquim
841 2567 933 2644 origi·

89 2663 167 2704 nem
190 2646 340 2716 habuisse,
371 2645 482 2722 ubique
508 2647 626 2716 adesse,
652 2646 740 2706 illum
762 2646 932 2724 intelligere

91 2743 303 2804 quaecumque
323 2745 377 2784 nos
396 2726 577 2802 cogitamus,
600 2727 704 2786 audire
728 2741 934 2804 quaecumque

89 2808 260 2882 loquimur,
285 2807 387 2866 videre
412 2823 617 2888 quaecumque
644 2807 774 2884 agimus,
795 2803 934 2882 quamvis

89 2885 163 2962 ipse
187 2884 206 2944 al
233 2887 353 2944 nemine
379 2887 474 2945 videri
502 2899 602 2964 queat;
636 2887 746 2944 habere
770 2885 933 2960 proborum

88 2977 189 3042 atque
220 2965 427 3042 improborum
465 2968 618 3034 rationem3
646 2981 775 3040 eamque
796 2965 834 3019 ob
864 2980 933 3019 cau·

90 3063 164 3106 sam
192 3041 263 3104 cum
286 3045 316 3105 in
340 3047 408 3117 hae,
435 3063 500 3105 tum
520 3046 551 3105 in
572 3044 674 3105 futura
695 3044 756 3102 vita
782 3041 928 3100 nominer·
