2048 3288
283 203 290 222 ⁸
320 235 475 276 aoemsor
498 235 671 276 onusoeus.
872 225 904 278 sl

120 325 333 401 Quodquidem
350 329 431 384 certe
445 339 502 383 non
517 325 616 382 statim
629 325 657 382 ei
672 343 711 382 ex
727 335 798 383 voto
809 324 909 383 cessit.

79 404 198 462 Itertim
222 405 390 482 iteraimque
415 407 586 463 tentandum
616 405 681 473 faie
713 403 781 474 caim
806 417 909 464 autem

79 485 154 542 nihii
172 487 291 544 haberet
317 487 346 542 in
369 505 429 562 qno
444 486 581 542 libentius
595 501 775 552 versaretur,
796 485 909 559 placuit

79 583 159 640 opus
173 556 242 622 licet
264 567 444 634 absolutum,
466 565 583 640 quoties
605 567 782 621 mendosum
796 565 909 641 aliquid

80 645 340 714 animadverteret,
362 645 499 720 frangere
514 663 548 701 ec
567 642 664 702 denuo
681 644 835 701 fabricare.
858 645 909 704 Sic

81 723 176 798 igitur
203 727 266 781 dies
286 727 442 782 nonnullos
468 737 554 800 grato
578 724 607 782 in
633 726 732 782 labore
754 727 910 801 transegit,

10 871 11 878 ἵ
80 805 176 862 donec
187 806 305 862 tandem
318 807 408 862 oliam
419 803 543 861 fictilem
560 822 630 861 eum
642 805 780 877 lampade
791 804 910 880 penittis

80 883 265 942 absoivisset.
304 886 390 958 Quas
404 901 460 942 non
484 885 589 959 procul
610 886 647 942 ab
667 885 738 961 igne
753 886 911 945 collocavit

80 977 113 1022 ut
143 965 286 1039 paulatim
307 965 473 1022 arefierent.
516 964 599 1021 Ttim
620 965 693 1022 alias
714 965 805 1022 etiam
826 967 911 1036 olias,

81 1047 218 1112 cacabos,
237 1045 410 1120 catinosque
432 1043 513 1102 varia
535 1043 631 1102 torma
651 1057 740 1120 atque
762 1045 911 1120 magnitu-

82 1124 150 1182 dine
178 1123 295 1200 fingere
320 1124 456 1192 instituit;
487 1136 576 1198 atque
605 1136 638 1182 ut
665 1125 716 1182 iiie
744 1123 910 1199 plurimam

81 1223 181 1277 operae
204 1205 233 1262 in
250 1205 294 1262 bis
309 1203 421 1262 artibus
436 1203 545 1280 posuit,
569 1200 610 1261 itti
631 1202 796 1262 maximam
819 1206 910 1262 soler·

80 1284 151 1342 tiam
174 1285 301 1360 adeptus
315 1295 371 1342 est.

119 1365 269 1442 Magnum
284 1383 361 1440 opus
375 1363 432 1424 tuit
445 1383 480 1422 ac
494 1361 614 1421 difficile
629 1363 732 1421 fictilia
748 1381 818 1421 rasa
829 1370 909 1421 vitro

78 1441 120 1501 iet
136 1451 314 1512 torrescere,
328 1456 362 1503 ut
383 1445 499 1522 liquore
515 1461 571 1501 non
586 1444 809 1500 imbiberentur.
850 1445 912 1503 Sed

80 1521 149 1580 etim
164 1525 238 1582 nibil
258 1523 447 1594 intentatum,
461 1523 533 1583 nihil
548 1523 741 1599 inexpertum
762 1523 910 1600 relinque·

82 1613 138 1672 ret,
153 1604 224 1668 vicit
238 1605 387 1680 patientia.
676 1681 677 1686 η

123 1685 242 1744 Interea
253 1691 359 1761 pluere
370 1705 427 1744 non
441 1687 539 1746 desiit.
569 1688 777 1761 Quamobrem
787 1702 913 1745 necesse

81 1763 137 1824 fuit
163 1769 325 1822 Ratiatum·
348 1766 427 1826 varia
441 1769 540 1826 adbuc
553 1767 667 1841 fingere
683 1784 785 1844 opera,
805 1785 843 1825 ne
858 1766 913 1824 mi·

83 1845 150 1904 sere
162 1847 252 1905 taedio
267 1845 474 1906 conficeretur.
517 1846 659 1906 Proxime
671 1842 772 1906 autern
789 1865 912 1922 operam

81 1928 228 1985 nectendo
255 1927 311 1986 reti
335 1927 494 2002 piscatorio
516 1943 612 1986 navat.
653 1927 721 1985 Jam
747 1925 832 1984 antea
857 1943 914 1984 non

82 2024 206 2082 parvam
240 2009 357 2081 copiam
384 2001 588 2066 funiculorum
624 2019 817 2075 contorserat,
844 2024 913 2082 quae

82 2103 162 2144 nunc
190 2088 247 2162 ipsi
270 2085 327 2145 fuit
349 2086 481 2146 maxime
509 2100 684 2164 opportuna.
727 2087 807 2145 Ctim
834 2087 914 2144 enim

83 2166 144 2222 otio
158 2169 332 2235 abundaret,
354 2177 383 2223 et
399 2167 631 2242 patientissimus
652 2165 770 2234 tabens,
784 2184 848 2243 rem
865 2169 915 2224 de·

17 2257 25 2278 ·
65 2245 147 2306 ,cies
159 2259 189 2302 et
205 2245 333 2322 ampliris
349 2245 426 2304 mele
447 2247 609 2325 incoeptam
630 2250 820 2314 retractaret,
833 2247 914 2304 inve·

30 2363 33 2368 ,
83 2324 127 2382 nit
148 2327 268 2382 tandem
290 2329 350 2400 quai
372 2341 435 2384 arte
456 2324 557 2384 nodos'
570 2327 693 2396 faceret3
715 2327 744 2384 in
766 2345 826 2402 quo
841 2324 915 2384 adab

81 2407 179 2462 solers
194 2407 295 2471 evasit,
309 2419 343 2464 ¹ut
364 2405 502 2466 soeminas
517 2409 694 2483 puellasque
705 2407 785 2482 apud
799 2424 853 2464 nos
868 2423 915 2486 re·

84 2485 184 2544 ticuia‘
193 2497 345 2542 nectentes
360 2488 538 2544 dexteritate
554 2499 696 2562 aequaret.

14 2567 19 2582 ¹
125 2566 210 2640 Tum
226 2566 305 2622 venit
327 2566 354 2622 ei
375 2565 404 2623 in
419 2579 550 2624 mentem
570 2575 695 2634 tentare,
714 2583 787 2624 nunt
810 2585 915 2625 arcum

84 2655 114 2702 et
128 2646 254 2720 sagittas
270 2656 370 2720 posset
392 2645 551 2704 conficere.
594 2647 713 2717 Quanto
735 2648 833 2704 studio
856 2647 917 2703 ani-

85 2741 156 2782 mus
180 2725 356 2781 Robinaom'e
379 2726 527 2801 flagravit,
547 2723 617 2783 etim
635 2728 700 2784 hae'c
721 2743 825 2784 seeum
853 2725 916 2797 agi·

85 2815 160 2872 tans,
176 2807 270 2872 muita
290 2816 459 2862 recenseret
482 2807 641 2862 commoda
663 2823 732 2879 quae
756 2805 823 2860 inde
837 2811 917 2856 esset
1012 2859 1013 2864 ,

87 2884 298 2960 percepturus!
328 2885 451 2942 Seiiicet
466 2885 574 2942 Lamas
589 2883 768 2946 interficere,
781 2897 852 2933 aves
867 2877 917 2930 de·

85 2963 194 3042 jicere,
204 2977 258 3043 με,
273 2966 350 3039 quod
367 2977 429 3034 erat
446 2963 646 3036 potissimum,
662 2962 806 3030 seipsum
822 2953 852 3008 in
866 2954 917 3009 do·

88 3043 202 3104 micilio
230 3041 390 3101 defendere
415 3055 545 3117 posset..
568 3043 675 3114 itaque
696 3045 775 3093 tanta
789 3049 838 3087 er·
