2068 3278
97 205 135 257 98
335 215 489 258 ΉΟΒῙΜΟΝ
503 217 680 260 ORUSOEUS·

95 305 230 368 invenire
243 325 300 367 non
316 312 511 386 possentque
535 311 571 368 ad
592 309 722 368 insulam
743 319 928 369 reverteren-

96 399 154 446 tur.
196 387 277 462 Quid
298 403 400 451 autern
421 392 527 450 tetrius
541 390 710 457 excogitari
724 402 822 466 potest
837 389 928 466 quam

96 470 196 526 medio
210 469 238 528 in
260 488 371 528 oceano
385 473 497 545 scapha
510 469 623 546 exigua
643 467 803 546 fragilique
826 483 930 549 vectos

94 546 212 625 jactari,
225 562 255 607 et
269 551 334 608 solo
349 551 463 628 aliquot
475 552 591 608 dierum
607 549 688 608 victu
700 550 873 608 instructus.

136 629 257 700 Quanto
271 642 372 688 autern
387 631 529 706 praesidio
550 631 665 687 sincera
687 631 782 704 pietas
798 632 930 706 integra·

96 725 156 784 que
177 711 268 766 animi
290 711 467 768 conscientia
489 710 526 768 iis
547 711 584 768 sit
598 711 650 786 qui
664 711 693 768 in
708 711 930 768 calamitatibus

96 801 262 858 versantur,
275 807 353 848 nunc
376 793 557 848 documento
572 803 618 846 est
635 792 812 846 Robinsonia
827 791 929 848 eondi-

95 866 147 926 tio.
189 867 309 942 Quibus
333 870 359 927 si
387 885 487 927 noster
507 881 579 927 tunc
600 870 755 938 caruisset,
776 869 930 946 quomode

96 949 246 1006 malorum
268 949 329 1007 vim
357 947 455 1008 denud
475 962 633 1024 urgentem
647 949 849 1008 sustinuisset?
893 951 930 1008 ln

96 1029 154 1086 hie
169 1045 271 1086 rerum
286 1031 493 1106 desperatione
510 1048 616 1088 manus
639 1030 694 1086 si'oi
709 1030 857 1088 intulisset
867 1030 931 1088 vio-
1026 1073 1028 1102 2

96 1107 191 1164 lentas
205 1127 242 1166 ne
259 1121 355 1168 morte
366 1111 501 1169 omnium
517 1109 694 1180 saevissima,
708 1109 787 1168 fame
799 1109 929 1180 scilicet,

94 1183 263 1246 iteraretur.

137 1269 244 1326 Sosius
257 1267 328 1326 verb
343 1268 452 1344 pietate
463 1267 593 1328 nondum
607 1269 679 1327 satis
689 1267 930 1328 confirrnatainee

95 1348 244 1407 diuturnis
257 1341 477 1406 calamitatibus
492 1351 636 1424 spectati,
646 1351 683 1406 de
694 1352 791 1408 salute
804 1349 931 1426 prorsda

95 1429 281 1503 desperabat.
324 1429 466 1504 Corporis
480 1431 558 1488 enirn
575 1442 605 1487 et
619 1429 710 1487 animi
724 1430 836 1489 viribus
850 1429 931 1488 frac-

94 1509 133 1566 tis
147 1526 266 1566 remum
288 1509 400 1588 abjicit,
416 1527 582 1586 vecorsque
604 1521 634 1566 et
655 1527 758 1567 amens
771 1511 929 1568 dominum

96 1589 229 1646 intuetur
250 1589 447 1666 interrogans,
468 1608 561 1648 annon
590 1587 682 1648 satius
703 1590 740 1646 sit
764 1593 781 1648 d
802 1607 878 1647 nare
895 1609 929 1648 se

97 1669 270 1744 praecipites
293 1669 321 1726 in
343 1669 526 1746 profundum
548 1672 630 1737 dare,
643 1688 679 1726 an
695 1681 790 1728 morte
806 1669 930 1728 celerri-
1027 1725 1028 1750 ,

97 1749 147 1806 md
159 1749 334 1806 instantibus
348 1751 435 1808 malis
447 1769 480 1806 se
495 1750 630 1824 eripiant.
673 1749 761 1807 Initio
776 1751 930 1806 Robinson
1027 1813 1028 1820 ἵ

95 1829 210 1885 blandis
226 1829 324 1965 verb?
338 1847 408 1887 eum
419 1829 537 1904 erigere
549 1828 730 1904 firmareque
745 1841 847 1898 tentau
862 1841 929 1888 tum

96 1912 258 1983 castigator
272 1911 290 1967 d
311 1910 487 1982 sperationis
502 1909 561 1967 leni
577 1927 650 1966 voce
664 1911 836 1984 exprobrat,
847 1897 946 1985 quod'
1027 1925 1028 1952 l

96 2000 155 2046 tarn
186 1987 291 2062 partlm
315 1989 383 2046 Deo
398 1989 610 2064 benignissimo
623 1987 761 2056 confidat,
775 1991 864 2066 eique
880 2009 931 2048 re·

98 2083 183 2128 vocat
199 2068 227 2127 in
249 2083 380 2127 mentem
396 2087 466 2146 quae
479 2071 580 2144 ipsum
602 2071 638 2126 de
660 2069 759 2129 divina
772 2070 932 2145 providen-
1027 2091 1028 2096 ¹

95 2149 136 2209 tia
150 2153 303 2208 docuerat.
345 2150 457 2222 Friclap
489 2153 657 2206 Robinrom'a
678 2148 931 2208 cohortationibus
1027 2165 1028 2170 ’

97 2243 252 2307 permotus
268 2229 398 2300 erubuit,
409 2229 562 2305 remisque
574 2231 703 2306 receptis
714 2229 931 2288 amboflumeu
1025 2285 1026 2302 ,

97 2313 251 2386 subigere,
272 2327 327 2366 nee
356 2310 476 2368 brachia
498 2309 660 2376 remittere,
682 2309 739 2366 etsi
753 2311 834 2366 nulla
858 2327 931 2384 spes

97 2393 202 2457 salutis
217 2390 391 2464 effulgebat.
434 2389 555 2456 Debito‚
576 2389 671 2465 inquit
688 2391 850 2459 Robinson,
863 2389 931 2448 offi-

97 2470 143 2526 cio
158 2470 322 2546 fungimur.
364 2467 504 2542 Quandid
519 2469 641 2544 spiritus
656 2487 712 2526 non
734 2467 847 2534 delicit,
860 2488 932 2527 nos-

97 2561 177 2606 trum
193 2562 239 2607 est
252 2552 289 2606 ad
304 2549 395 2608 vitam
405 2551 581 2608 servandam
592 2550 730 2606 omnibus
740 2566 810 2624 quae
821 2567 933 2624 super.

98 2641 166 2687 sunt
181 2629 278 2686 nervis
291 2629 372 2686 eniti.
414 2629 513 2699 Tune,
535 2630 559 2687 si
582 2630 619 2687 ad
642 2628 785 2688 ultimum
798 2629 933 2688 morien·

97 2709 169 2765 dum
190 2719 247 2776 est,
261 2709 456 2767 morientibus
479 2710 536 2767 erit
550 2709 666 2779 solatio,
679 2711 760 2785 quod
782 2709 869 2768 Deus
885 2709 932 2767 sie

99 2788 236 2845 voluerit.
843 2861 846 2866 .

137 2864 255 2925 Intereti
275 2865 387 2924 flumen
402 2869 508 2926 eidem
523 2886 593 2926 eum
607 2867 747 2928 violentie
763 2870 832 2928 ruit.
855 2869 933 2928 Sca·

97 2945 156 3019 pha
172 2959 247 3006 aestu
262 2946 416 3022 abripitur,
429 2948 587 3024 omnisque
602 2965 673 3024 spes
684 2949 789 3008 salutis
801 2967 933 3024 reeupe-

98 3026 198 3084 rande
212 3029 370 3084 evanescit.
454 3094 458 3104 .
