2048 3288
349 147 504 190 nonrnson
518 141 689 187 cnusosus.
905 137 936 188 tt

102 241 221 322 majore
242 238 373 316 pecunia
393 237 445 296 tibi
469 255 547 312 opus
568 237 661 295 estad
684 237 847 296 emendum
862 241 940 297 unde

101 327 217 382 multas
231 321 260 380 in
285 323 402 375 Guineo
424 336 499 393 opes
519 317 722 394 consequaris.
763 318 892 391 Quoties
905 322 942 377 sb

84 417 87 454 ἐ
105 403 232 477 exiguis
246 399 336 458 initiis
352 417 401 456 res
414 399 557 456 maximae
574 396 719 473 profectae
734 398 813 456 sunt!

146 483 205 539 Sed
220 481 293 558 quid
307 498 367 557 ego
381 479 427 536 his
442 477 556 536 ernam?
601 479 751 534 Robinson
767 479 943 557 interrogea

103 579 205 621 meras
219 579 326 638 nugas,
341 559 495 634 respondit
509 556 683 634 praeicctus,
695 559 798 627 ritrcs,
809 570 945 636 torques,

102 644 231 711 cultros,
241 639 372 710 forfices,
383 657 517 706 secures,
529 639 643 708 taenias,
659 648 729 708 etc,
743 639 853 716 quibus
863 640 944 718 nigri

103 721 224 782 Africae
238 721 344 780 incolae
359 731 513 795 tantopere
530 721 672 796 gaudent,
686 731 720 777 ut
733 719 788 778 tihi
802 719 863 778 rim
878 722 944 780 auri

27 842 32 852 ι
104 801 266 878 eborisque
280 801 394 860 centies
408 799 555 878 majorem
572 817 626 875 pro
640 797 677 858 iis
693 799 790 859 daturi
805 801 873 858 sint.

145 882 215 940 Nec
229 881 293 960 jam
308 879 421 940 diutius
443 880 499 938 sibi
524 882 673 938 Robinson
695 891 867 957 temperare
890 899 944 958 pn·

104 961 175 1031 tuit3
191 963 244 1018 sed
260 961 372 1018 oblitus
386 973 555 1037 parentum,
568 959 747 1030 amicorum,
761 962 877 1038 patriar,
888 979 942 1021 ex·

104 1043 226 1100 elamat:
241 1041 288 1100 En
312 1059 371 1117 ego
395 1040 448 1098 tibi
473 1053 576 1098 comcs
589 1039 703 1098 itineris
728 1041 942 1116 praestosum.

104 1122 264 1195 Agedum,
284 1121 438 1196 respondit
451 1119 625 1197 praefectus,
639 1120 816 1198 dextrisque
828 1122 943 1200 junctis

104 1219 173 1261 rem
188 1202 392 1276 paciscuntur.

147 1283 301 1338 Robinson
327 1282 429 1358 itaque
443 1281 550 1339 decern
563 1287 681 1354 grincis
692 1280 777 1340 dives
786 1284 823 1340 ad
834 1285 942 1343 urbem

103 1371 256 1439 properat,
270 1375 425 1437 comparat
440 1361 537 1420 varias
558 1379 689 1431 merces,
710 1362 754 1419 uti
774 1367 943 1422 navarchus

104 1454 305 1520 praeceperat,
320 1454 568 1517 comparatasque
581 1440 611 1498 in
620 1459 727 1498 narem
742 1453 943 1517 transportan-

105 1523 159 1580 das
182 1532 276 1579 curat.
320 1521 431 1580 Paucis
455 1521 562 1579 diebus
579 1521 699 1596 elapsis,
714 1537 802 1580 rento
816 1523 943 1594 favente,

103 1599 273 1678 praefectus
286 1601 370 1662 navis
388 1603 532 1662 anchoras
554 1601 639 1673 solvi,
659 1612 750 1680 atque
764 1605 832 1663 reia
846 1605 942 1666 ventis

104 1681 169 1740 dari
181 1680 282 1760 jussit.

307 2003 456 2064 CAPUT
480 2005 741 2065 SECUNDUM.

104 2164 259 2225 Robinson
279 2171 384 2240 pergit
408 2167 601 2223 iren-Mula
625 2171 873 2228 omina—Navis
896 2177 941 2228 in-

147 2249 354 2304 censa-Alio
368 2249 519 2320 fiuctibus
537 2249 882 2320 jactata-Adaeum
905 2256 943 2307 ud

146 2331 264 2383 insulas
285 2326 652 2397 Canariae-Descriptio
673 2332 730 2386 loci
749 2333 830 2386 illius
852 2349 942 2390 amat·

145 2408 387 2463 nissimi-Inde
398 2407 555 2478 profectur
570 2409 802 2468 nanneticam
816 2413 942 2481 naufra-

141 2487 324 2560 giumfirrit.

146 2645 269 2704 Novusr
292 2649 349 2706 hoc
365 2647 545 2708 Robinsonis
565 2648 624 2707 iter
647 2645 867 2708 faustissimum
888 2650 943 2708 ini·

102 2725 182 2786 tium
198 2725 310 2786 habuit.
340 2727 470 2806 Jamque
484 2730 653 2787 incolumes
668 2727 779 2786 fretum
796 2731 943 2782 Calcatum

102 2805 292 2877 transierant,
306 2818 336 2866 et
350 2808 379 2868 in
395 2811 461 2885 ipso
482 2809 635 2868 Atlantico
647 2807 724 2866 mari
739 2807 942 2864 versabantur.

103 2887 191 2945 Tum
206 2885 280 2944 veris
296 2907 350 2964 per
363 2891 512 2966 plurimos
528 2891 594 2947 dies
609 2889 765 2945 continuos
787 2889 876 2936 vento
896 2895 943 2934 re-

103 2964 196 3028 flante
209 2966 295 3029 navis
309 2969 488 3032 American
501 2967 609 3032 rersris
619 2969 744 3040 abrepta
756 2966 812 3014 est·
