2068 3278
122 215 162 266 94
362 223 524 266 auarrsou
544 226 714 268 onusoaus.

122 316 245 374 beatum
265 314 403 386 reddere,
423 314 481 374 nisi
501 315 588 374 illum
610 316 662 392 qui
683 333 724 374 ex
738 315 836 374 animo
850 315 955 380 virtuti
1021 311 1022 382 ἶ

123 393 281 454 studuerit·
1021 431 1022 468 q

163 477 243 548 Quae
258 477 401 550 [rraeelara
413 477 559 552 plenaque
571 475 667 534 solatii
676 487 830 552 praecepta
841 479 958 549 Fridoy

122 557 234 632 magna
255 574 324 613 cun·
349 557 516 614 reverentia
538 555 639 625 audiit,
663 557 823 632 auditaque
846 559 905 614 alte
927 556 957 614 in

123 639 223 693 animo
233 633 341 694 infixit.
377 633 456 693 cum
472 639 617 712 magister
631 655 686 693 non
700 635 807 694 minori
819 635 959 704 docendi,

122 713 212 792 quim
226 715 392 791 discipulus
402 716 535 773 discendi
545 715 642 774 studio
651 715 801 790 flagraret,
812 717 859 772 hie
870 716 960 775 brevi

122 795 310 871 praecipuam
326 799 363 851 de
380 795 446 858 Deo
467 813 501 852 ac
516 797 659 872 reiigione
674 795 840 854 doctrinam
851 795 960 866 tenuit,

121 872 269 952 quanuirn
282 877 350 932 huic
364 875 415 932 iiie
430 877 593 947 explanare
608 887 731 952 poterat.
772 871 871 934 Ex'eo
881 885 959 933 tern-

122 971 195 1030 pore
211 953 323 1027 Briday
338 952 547 1013 felicissimum
570 973 602 1012 se
621 955 804 1014 existimarit
825 953 909 1032 qudd
930 956 960 1015 in

120 1035 197 1092 hanc
213 1034 341 1092 insulam
355 1033 467 1092 deferri
481 1035 537 1092 sibi
551 1035 732 1113 contigisset.

163 1111 272 1172 Posteri
295 1116 445 1170 Robinson
468 1133 575 1190 preces
588 1133 657 1172 suas
672 1133 792 1190 semper
808 1127 958 1190 praesente
1021 1183 1022 1186 Ἴ

122 1193 205 1254 socio
216 1193 340 1252 fundere
359 1196 486 1268 solebat,
501 1194 817 1273 jucundissimumque
832 1209 958 1270 aspectu
1021 1259 1022 1262 Ἴ

121 1273 238 1336 fuisset.
260 1285 370 1350 quanto
389 1275 507 1348 gaudio,
531 1279 641 1352 quantb
666 1275 776 1350 pietate
797 1278 846 1332 htc
868 1275 961 1334 verba

120 1355 235 1415 domini
249 1355 285 1411 ad
308 1359 432 1412 verbum
456 1370 643 1430 sequeretur.
680 1356 769 1413 'l'unc
795 1351 866 1412 verb
882 1359 963 1415 tanta
1021 1371 1022 1408 t

90 1494 95 1503 ,
123 1437 211 1496 ambo
227 1433 369 1494 feticitate
392 1435 565 1492 fruebantur
586 1449 726 1512 quantam
749 1435 871 1511 assequi
895 1454 962 1510 pos·

122 1527 191 1573 sunt
206 1514 342 1574 homines
357 1515 394 1570 ab
417 1517 546 1574 bumana
567 1518 708 1572 societate
732 1514 886 1592 sejuncti.
910 1515 960 1576 Sic

106 1596 260 1669 'elapsum
276 1606 320 1649 est
336 1597 508 1668 pluviarum
524 1608 644 1670 ternpus
661 1597 721 1655 udo
735 1595 797 1651 sine
809 1595 957 1655 molestib.

70 1739 72 1744 ,
115 1675 212 1739 ‚coelo
237 1674 355 1730 tandem
383 1692 487 1731 serena
515 1677 607 1732 i'acies
636 1677 774 1744 redierat;
801 1679 960 1734 cessabant

121 1754 205 1822 vinti,
222 1753 374 1830 nimbique
396 1753 584 1828 aufugerant.
631 1758 782 1810 Robinson
805 1772 877 1814 cum
902 1755 960 1814 fido

123 1835 206 1894 aecio
220 1851 326 1910 puram
344 1833 535 1910 tepidamque
547 1853 650 1892 auram
664 1835 744 1894 voris
756 1835 869 1908 spirat.⁴
883 1839 959 1892 Aru-

120 1915 160 1978 bo
177 1917 262 1974 novis
278 1914 390 1972 viribus
412 1929 516 1972 auctos
539 1933 571 1972 se
594 1915 732 1992 sentiunt,
755 1928 846 1990 atque
867 1914 959 1974 alacri

121 1995 222 2054 animo
236 1995 273 2051 ad
287 1996 413 2051 arduum
426 2011 503 2068 opus
514 1999 692 2070 'susceptum
707 2011 738 2052 se
753 1995 926 2071 accingunt.

162 2079 277 2146 Fridey
299 2075 418 2133 admoto
432 2075 501 2147 igne
516 2087 655 2132 truncum
672 2074 838 2142 excavavit,
865 2085 957 2151 atque

120 2157 198 2215 duos
208 2157 283 2213 intra
298 2171 418 2211 menses
428 2155 456 2210 id
470 2157 595 2212 absoivrt
605 2157 685 2230 quod
698 2158 779 2229 aegrd
789 2155 956 2212 multorum
1021 2203 1022 2210 ,

119 2253 265 2296 annorum
281 2233 376 2308 spatio
392 2235 542 2290 Robinson
565 2238 646 2294 solus
661 2233 846 2292 coniecisset.
889 2233 957 2294 Jam

122 2329 235 2394 praeter
249 2316 313 2372 reia
336 2331 494 2389 remosque
517 2315 588 2372 nibil
607 2314 709 2372 defuit.
753 2315 957 2390 flos-quidem

121 2399 285 2463 Robinson,
306 2392 357 2450 iila
369 2392 439 2451 verb
456 2395 567 2465 Frr'doy
582 2409 754 2468 paraturum
775 2413 807 2450 ae
820 2397 955 2468 spondet.
1007 2447 1011 2452 .

161 2477 264 2534 Ambo
278 2475 367 2532 simui
382 2492 459 2548 opus
474 2491 650 2549 susceptum
667 2477 832 2542 absolvere
849 2475 903 2531 sed
914 2473 956 2532 in·

120 2555 324 2621 structbnavi,
339 2553 409 2610 nihit
427 2552 574 2628 superfuit
589 2555 645 2612 nisi
659 2567 692 2612 ut
707 2552 799 2614 baecai
812 2554 914 2612 littore
928 2553 958 2612 in

120 2652 204 2698 mare
226 2634 441 2690 demitteretur.
464 2632 613 2704 Quoniam
639 2631 710 2692 verb
734 2638 819 2691 locus
840 2631 957 2710 inquo

120 2731 228 2772 navem
250 2711 467 2768 fabricaverant
494 2711 581 2790 long&
604 2712 621 2773 ὲ
645 2715 721 2773 mari
741 2715 879 2782 distabat,
899 2733 957 2772 non

120 2793 193 2852 satis
215 2792 332 2866 patebat
353 2793 412 2866 qud
436 2792 557 2862 ratione,
578 2806 610 2852 ut
631 2806 694 2852 erat
710 2795 898 2868 gravissima,
921 2793 957 2850 ad

121 2889 205 2930 mare
227 2881 280 2928 aut.
298 2871 509 2939 deduceretur,
529 2885 580 2930 aut
596 2875 813 2950 deportaretur,
834 2885 887 2932 aut
901 2885 959 2932 tra·

119 2951 253 3012 neremr.
274 2960 325 3006 aut
346 2949 474 3024 denique
490 2955 725 3025 provolveretur.
768 2953 808 3012 Et
822 2971 902 3014 nuno
917 2971 957 3012 cx

119 3027 180 3086 iilis
193 3028 426 3100 difficultatibus,
440 3033 591 3105 quomodo
600 3051 633 3092 ae
647 3029 822 3110 expedient?
