2048 3288
127 209 164 264 38
365 221 521 264 uosrnsou
542 221 717 264 ouososus.
794 241 796 246 -

124 311 265 382 insidiari,
289 323 319 370 et
351 313 454 370 Lumae
486 315 586 388 copiti,
620 312 670 388 qui
698 310 817 388 primus
844 329 957 388 appro-

124 393 291 471 pinquaret,
316 395 458 469 laqueum
482 392 617 471 injicere.
653 393 719 450 Hbc
734 402 834 449 mente
850 391 957 450 funem

124 475 196 534 sans
213 491 347 530 cessum
359 487 544 548 contorquet,
559 472 730 548 utqueintra
746 473 858 547 aliquot
868 476 959 530 horas

124 567 232 612 cuncta
246 553 379 610 conlecta
394 565 470 609 sunt.
483 553 576 628 ¹Tum
591 568 647 610 non
667 555 761 611 semel
782 551 881 610 omniu
902 571 957 611 ex·

123 650 171 710 pet
181 647 239 701 tns,
255 635 327 690 vidit
342 651 405 690 rem
421 629 494 690 bend
509 632 581 690 fore.

164 715 312 788 Quoniam
328 712 398 769 verb
417 715 501 770 locus
515 715 566 770 ille
585 710 645 788 qud
665 713 769 771 Lsmae
786 713 822 769 sd
844 731 956 790 squam

123 794 263 852 devenire
279 794 411 849 solebant
424 793 494 848 satis
506 806 639 850 remotus
651 805 724 860 erat,
735 809 791 849 nec
804 796 958 854 constabat

122 891 195 931 nuni
211 890 390 947 unoquoque
408 890 533 945 vespere
548 870 584 928 eb
601 872 717 930 venturi
732 884 841 942 essent,
864 891 897 930 re
919 877 957 934 ad

123 956 282 1011 crastinam
300 951 378 1008 diem
391 953 488 1016 dilatat,
511 951 628 1009 interim
651 967 761 1010 caetera
782 952 818 1009 ad
840 952 898 1010 iter
913 952 957 1013 la·
1012 1003 1015 1016 .

123 1034 263 1091 ciendum
282 1031 450 1088 necessaris
466 1032 588 1108 paravit.
630 1031 713 1089 Tum
729 1043 846 1090 resecto
858 1046 957 1094 testu·

122 1113 197 1172 dinis
214 1112 311 1169 frusto
326 1117 405 1187 quod
421 1125 448 1168 et
466 1111 644 1186 vespertinae
660 1123 689 1168 et
703 1111 839 1170 crastinae
855 1129 955 1174 coenae

122 1193 283 1258 sufficeret,
298 1191 444 1265 reliquum
461 1203 577 1265 partem
592 1193 669 1266 squb
683 1191 797 1250 marina
807 1191 955 1269 irrigavit.

162 1273 233 1342 Quo
246 1271 324 1328 facto
336 1269 453 1328 foveam
470 1270 653 1328 mediocrem
665 1271 693 1328 in
711 1271 776 1328 solo
790 1269 955 1350 fodit,quae

122 1352 178 1410 sibi
194 1353 230 1408 ad
247 1364 367 1430 tempus
377 1353 463 1408 cellae
479 1349 577 1407 vicem
592 1361 761 1425 praestaret3
775 1362 866 1428 atque
877 1353 907 1410 in
919 1357 956 1414 es
1006 1335 1015 1368 ”

121 1435 265 1490 concham
280 1429 437 1488 testudinis
452 1448 539 1488 carne
554 1433 700 1506 repletam
715 1430 856 1503 condidit,
876 1435 955 1492 ostio
1014 1495 1015 1502 χ

121 1515 209 1570 eellae
224 1510 346 1568 intextis
361 1512 523 1569 ramalibus
533 1511 666 1568 occluso.

161 1591 330 1667 Reliquum·
341 1587 358 1648 d
371 1589 496 1648 meridie
511 1601 633 1666 tempus
653 1589 797 1668 jucunde
819 1593 954 1652 ambula·

120 1671 192 1730 tioni
206 1669 351 1742 impendit
366 1681 399 1726 ut
409 1669 544 1727 animum
558 1681 718 1738 recrearem
730 1689 820 1746 quam
833 1674 871 1730 ob
882 1691 955 1731 cau·

121 1769 185 1810 sam
207 1755 242 1806 ad
266 1751 348 1806 littus
370 1748 462 1806 maris
476 1765 509 1805 se
524 1749 657 1818 contulit,
672 1752 750 1807 uude
765 1751 866 1810 sauvis
880 1769 954 1812 nuru

121 1830 250 1905 spirabat
265 1831 324 1903 qud
338 1827 417 1886 seris
438 1843 531 1886 aestus
546 1826 702 1904 psulultlm
718 1831 952 1906 temperabatur.

121 1911 168 1969 lbi
182 1911 254 1967 dum
271 1925 376 1966 secum
399 1907 552 1984 spatiatur,
567 1909 653 1965 valde
668 1910 836 1968 delectatus
847 1923 893 1970 est
906 1931 954 1970 ss·

120 2003 212 2067 pectu
233 1988 326 2047 maris
344 1987 482 2045 immensi
498 1986 588 2064 cujus
603 1989 690 2062 plana
703 1987 796 2047 facies
810 1991 953 2051 fluctibus
970 2017 972 2022 ·

120 2088 188 2128 sese
196 2069 324 2128 invicem
335 2067 393 2124 leni
404 2069 490 2146 lnpsn
500 2067 681 2142 pellentibus
691 2067 740 2126 vix
754 2070 951 2146 crispabatur.

119 2149 183 2210 Hic
198 2149 297 2208 animo
309 2149 452 2214 allectus„
460 2148 566 2205 oculos
579 2147 609 2206 in
625 2166 693 2206 eam
715 2161 862 2218 terrarum
884 2169 953 2228 pst·-

120 2240 182 2288 tem
210 2228 355 2287 convertit
378 2226 406 2284 in
433 2224 493 2304 quii
517 2227 573 2286 sits
596 2239 660 2287 erat
684 2245 753 2286 curs
773 2229 828 2288 sibi
846 2229 953 2306 patris,

120 2307 251 2387 cumque
281 2311 346 2364 baee
374 2307 558 2381 optimorum
587 2319 744 2383 parentum
771 2311 953 2369 memoriam
1010 2333 1011 2366 1

119 2389 364 2464 desideriumque
378 2397 562 2460 renovarent,
576 2389 726 2446 nonnullae
747 2390 860 2449 obortae
883 2401 953 2450 sunt

118 2471 322 2626 Ιιᾝξὶιιξέἱο
333 2549 534 2608 obambulanti
547 2547 667 2609 venitin
678 2558 812 2608 mentem
824 2548 879 2608 sibi
894 2567 952 2610 nou

119 2631 198 2690 male
213 2630 278 2688 lore
293 2629 318 2686 si
332 2647 443 2704 eorpus
455 2631 602 2698 ablueret,
615 2629 650 2687 ad
666 2631 837 2705 squalorem
852 2629 953 2688 deter-

119 2712 261 2789 gendum.
291 2707 431 2766 Vestem
446 2709 543 2786 igitur
553 2708 700 2784 deposuit.
742 2707 787 2766 Ut
801 2707 873 2768 tterd
888 2719 953 2769 stu-
1008 2727 1009 2736 ¹

119 2790 185 2870 puit
198 2799 321 2866 aspecto
332 2787 448 2847 indusio
462 2790 542 2865 quod
557 2789 680 2848 unicum
694 2788 832 2848 habebat!
867 2789 953 2862 Quo·

117 2873 196 2931 niam
211 2871 241 2930 in
263 2867 384 2942 regione
399 2881 459 2926 tam
483 2869 578 2928 calidi
592 2885 745 2946 nunquam
759 2867 835 2929 illud
856 2887 954 2928 exue·
1007 2923 1008 2934 ,

116 2963 173 3044 sat,
187 2949 239 3010 rix
252 2949 335 3009 cerui
349 2958 465 3025 poteret
478 2948 605 3010 linteum
617 2950 677 3009 albi
691 2949 801 3009 coloris
818 2947 890 3010 otim
903 2945 953 3010 fu·

116 3045 184 3090 1⁸00·
244 3043 246 3050 ⁴
793 3041 799 3046 ’
