2068 3278
145 191 198 242 tro
393 199 549 242 nontnson
572 201 743 244 consonus.

140 291 201 364 Qui
217 287 285 347 ctlm
309 302 409 347 essent
431 302 546 364 septem
568 309 703 358 numero,
727 291 836 367 singuli
860 303 960 351 autem

133 372 220 428 oneri
246 383 364 426 centnm
379 381 408 426 et
430 371 641 445 quinquaginta
655 372 798 428 librarum
820 376 961 444 portando

141 467 235 525 pares,
250 439 334 504 facile
350 463 396 506 est
410 449 576 524 intelligere
588 463 730 524 quantum
743 452 873 508 universi
865 451 962 509 facto

139 529 258 604 agmine
279 529 460 585 advexerint.
502 531 666 604 Congestas
689 527 757 586 vero
779 531 882 602 copias
904 534 962 586 Ro·

139 611 267 662 htnaonr‘o
290 611 430 680 spelunca
445 623 473 666 et
495 610 570 664 cella
587 625 693 682 capere
708 627 770 664 non
794 621 962 682 potuerunt.

140 687 237 762 igitur
261 686 419 742 tentorium
435 691 567 759 amulum
592 686 620 742 in
644 689 789 744 vestibulo
810 689 888 744 arcis
911 708 963 746 cx·

140 767 255 822 struere
271 768 416 840 properat.
462 768 606 820 Robinson
620 763 781 834 forficibus,
796 769 919 833 acubus,
931 769 965 824 li-

140 845 236 918 lisque
258 863 332 902 nunc
348 845 508 902 instructus
523 845 660 902 celeriter
678 849 823 920 hocopus
846 865 963 919 promo·

139 923 192 988 vit,
217 935 304 995 atque
318 938 384 978 octo
402 925 517 981 dierum
540 928 644 997 spatio,
669 943 722 982 sno
746 942 877 999 quaeque
900 927 964 982 loco

139 1000 260 1058 suerunt
276 1003 434 1060 recondita

142 1081 245 1138 Jam
262 1095 343 1138 erant
361 1081 518 1136 Robinsonr'
533 1081 671 1156 socioque
688 1095 771 1178 grata
786 1083 896 1172 quilius
918 1104 964 1140 va·

140 1174 239 1217 carent
253 1179 351 1233 opera.
384 1165 510 1218 Instabat
526 1157 595 1216 νει-ὸ
611 1158 738 1218 rnaxime
751 1177 782 1218 ut
796 1159 850 1218 sibi
865 1181 962 1218 casam

142 1239 322 1298 aedificarent
335 1239 384 1296 ubi
399 1258 473 1312 quas
488 1241 629 1328 spelunca
650 1259 756 1312 capere
775 1259 829 1296 non
847 1253 964 1314 poterat

140 1316 325 1374 commodius
339 1320 488 1392 tutiusque
501 1320 595 1392 copiae
611 1323 813 1376 conderentur.
846 1323 880 1376 ln
892 1339 964 1394 quo-

140 1398 271 1472 quidem,
287 1395 435 1454 labrorum
455 1396 645 1471 lignariorum
661 1415 708 1452 ars
723 1395 781 1454 illis
796 1400 965 1454 exercenda

141 1475 206 1542 fuit,
220 1495 308 1552 qnam
324 1489 427 1532 neuter
442 1477 590 1532 uidicerat.
931 1514 938 1530 .

180 1555 277 1612 Tunc·
291 1552 361 1610 vern
376 1559 490 1612 nullum
514 1569 575 1610 crat
589 1573 665 1629 opus
684 1558 762 1630 quod
789 1559 963 1611 Robinaom‘s

141 1633 313 1690 industriam
329 1635 538 1708 solertiamque
551 1635 720 1692 difficultate
734 1637 875 1692 vinceret.
910 1639 965 1692 lta·

140 1731 197 1787 que
214 1711 291 1768 facili
308 1714 426 1786 negotio
440 1716 560 1770 arbores
574 1715 758 1780 detruncare,
776 1717 876 1770 trabes
899 1733 965 1770 eon·

138 1791 266 1870 jungere
279 1803 366 1866 atque
378 1793 503 1868 erigere,
515 1793 642 1866 parietes
655 1793 795 1850 lateritios
807 1791 964 1859 conficere

141 1889 208 1946 quae
221 1890 287 1926 casa
302 1870 378 1927 loliis
390 1889 518 1928 cocossae
536 1884 612 1926 tecta
623 1873 753 1946 tuguriis
765 1872 965 1948 agricolarum

140 1962 308 2006 nostrorum
325 1953 401 2008 haud
416 1951 558 2006 absimilis
578 1961 648 2006 erat.

182 2027 287 2084 Postea
302 2031 448 2095 omnibus,
463 2043 493 2086 ut
509 2042 646 2102 parerat,
660 2029 794 2094 conditis,
817 2033 965 2086 Robinson

140 2125 240 2162 arcem
257 2107 370 2169 munire
386 2109 543 2166 constituit.
567 2108 613 2164 Ac
629 2107 735 2182 primo,
751 2123 782 2165 nt
795 2125 877 2166 erant
889 2127 965 2165 nnnc

141 2184 245 2248 ferreis
261 2187 372 2262 spathis
386 2187 529 2254 instructi,
543 2187 620 2244 fossa
631 2205 698 2262 qua:
714 2189 850 2262 cingebat
866 2207 966 2243 arcem

140 2267 179 2322 ita
202 2265 310 2322 refecta
332 2279 374 2322 est
398 2279 428 2324 ut
451 2279 527 2322 esset
549 2267 633 2322 latior
654 2269 808 2342 altiorque.
853 2267 967 2323 Deinde

141 2360 240 2420 postes
255 2346 420 2422 eriguntur,
446 2364 575 2422 ponsque
593 2347 736 2402 versatilis
752 2347 789 2402 ita
805 2349 967 2402 adstruitur

142 2437 173 2480 ut
189 2440 306 2482 erectus
322 2426 358 2482 sit
374 2445 426 2500 pro
441 2427 532 2498 portel.
555 2425 635 2480 Tum
651 2436 796 2480 tormenta
810 2425 838 2480 in
854 2443 969 2500 aggere

142 2506 333 2572 collocantur,
359 2506 431 2562 binis
453 2505 604 2571 dextrum,
626 2504 699 2560 binis
716 2504 865 2560 sinistrum
891 2509 969 2560 latus

141 2582 323 2672 totidemque
339 2583 445 2641 faciem
462 2583 576 2640 castelli
589 2583 748 2640 tuentibus.
790 2585 881 2639 Nunc
900 2584 969 2638 lice·

141 2659 187 2714 bat
204 2660 260 2714 ab'
253 2674 365 2732 impetu
383 2663 573 2718 barbarorum
594 2679 659 2718 esse
676 2661 800 2728 securis,
820 2676 912 2736 atque
927 2663 969 2718 in·

141 2755 233 2810 super
247 2741 384 2810 patebat
377 2759 449 2813 ipsis
462 2739 556 2798 facilis
570 2745 666 2798 aditus
681 2743 848 2824 exitusque

183 2816 303 2871 Interim
332 2819 438 2874 messis
464 2821 631 2876 advenerat.
686 2817 837 2882 Robinson
867 2831 969 2875 vetere

142 2893 239 2966 gladio
254 2913 307 2968 pro
331 2894 406 2950 falce
429 2913 501 2952 usus
515 2911 561 2953 est
585 2902 620 2955 ad
642 2919 727 2958 zeam
750 2899 970 2966 demetendam,

141 2973 193 3026 sed
207 2973 243 3028 ad
257 2973 439 3045 effodiendos
461 2976 629 3037 solanorum
650 2980 764 3049 bulbos,
779 2981 878 3056 ligone
893 2977 970 3035 inter
