2048 3288
84 249 122 301 oe
192 237 193 240 ’
325 257 485 300 aestuans
500 248 672 301 sausoure.

83 365 152 433 post
166 353 325 414 meridiem
347 355 479 414 tenebrat
501 355 564 434 jam
589 355 773 433 ingruerent.
809 355 916 432 Itaque

83 436 228 514 quidquid
243 437 345 494 lucem
360 435 421 494 <liei
436 437 617 514 requirebat,
631 446 698 494 ante
714 437 771 492 hoc
790 443 914 512 tempus

83 513 301 593 perficiendum
316 525 390 574 erat.
433 516 497 574 Sub
512 518 615 575 horam
634 514 729 594 igitur
743 526 873 585 sextam,
888 515 916 574 si

81 593 174 654 mudd
188 595 260 654 nihil
275 595 399 674 majoris
411 595 558 656 momenti
568 598 719 674 agendum
730 605 916 672 superesset,

83 693 116 734 se
139 693 173 732 se
186 675 216 734 in
229 674 346 734 bellicis
361 677 475 735 artibus
488 694 645 746 exercere,
660 695 765 735 arcum
779 677 916 752 tendere,

34 797 37 809 .
83 756 208 832 sagittas
230 756 379 826 emittere,
394 768 438 827 ut,
460 755 485 814 si
500 753 618 834 quandd
642 756 788 815 incideret
803 753 832 814 in
847 756 915 814 bar·

82 837 190 894 barum
206 836 357 894 hominem
368 848 419 896 aut
430 835 529 896 lerum
541 836 661 907 animal,
671 835 762 916 cujus
772 837 914 894 timorem

82 917 216 975 nondum
232 917 423 990 deposuerat,
439 917 511 976 satis
526 935 560 976 se
573 915 755 975 defenderet.
773 915 915 988 Quarum

82 997 207 1074 quitlem
223 997 332 1056 artium
349 1009 458 1056 tantam
474 997 618 1073 paulatim
635 997 772 1073 peritiam
787 997 916 1072 adeptus

83 1089 139 1146 est,
161 1089 194 1133 ut
209 1074 289 1146 rard,
311 1077 450 1153 quamvis
464 1080 555 1155 longo
569 1077 743 1154 interposito
756 1077 915 1136 intervallo

83 1155 101 1214 d
116 1175 209 1231 scopo
223 1157 589 1234 nummimaguitudinem
603 1167 741 1234 aequante
751 1158 914 1216 aberraret.

84 1237 328 1312 vesperascente
356 1241 445 1306 cralo,
473 1239 584 1295 Lamas
611 1237 735 1295 tertium
764 1236 917 1312 mulgere,

77 1317 263 1392 ‘coenamr'pue
288 1315 440 1394 frugalem
455 1335 587 1390 sumere,
601 1315 696 1376 stellis
717 1327 769 1375 aut
783 1318 855 1375 luna
869 1319 915 1374 lu·

85 1397 231 1454 centibus.

124 1475 273 1535 Ultimam
287 1477 346 1536 diei
360 1479 464 1536 boram
479 1495 582 1536 rerum
597 1487 712 1536 naturae
728 1478 915 1552 contempla·

83 1556 156 1615 tioni
175 1557 271 1616 dabat.
314 1557 470 1616 Nimirum
482 1557 510 1616 in
525 1557 650 1618 editiore
661 1559 728 1616 loco
742 1557 861 1625 sedens,
872 1557 916 1614 in·

85 1639 225 1694 tuebatur
245 1639 316 1696 coeli
338 1655 474 1696 convexa
495 1639 592 1698 stellis
611 1638 744 1714 undique
764 1637 915 1707 distincta,

85 1729 138 1776 aut
154 1715 237 1792 signa
258 1735 299 1776 ex
319 1717 420 1775 media
431 1717 501 1775 coeli
515 1731 601 1794 parte
615 1717 780 1796 vergentia,
795 1715 917 1776 rurstls·

85 1814 146 1874 que
160 1795 217 1854 alia
233 1815 273 1856 ex
294 1797 417 1855 occulto
436 1799 599 1876 surgentum
621 1809 672 1856 aut
696 1799 797 1856 lunam
823 1795 915 1855 modd

86 1888 285 1947 crescentem,
305 1876 395 1934 modo
417 1889 635 1947 senescentem,
661 1888 692 1936 et
710 1895 790 1936 nunc
807 1894 916 1936 curra·

84 1969 157 2024 tam,
171 1975 250 2016 nune
265 1961 355 2033 aequa
369 1957 502 2032 portione
517 1958 655 2024 divisam,
668 1959 855 2016 maculosam
870 1957 916 2016 in·

83 2039 216 2106 tendum,
239 2037 440 2113 eamdemque
468 2035 568 2097 subitd
593 2037 788 2096 renidentem.
830 2037 917 2095 Non-

83 2135 236 2194 nunquam
260 2117 290 2176 in
312 2117 411 2176 littore
430 2119 587 2178 ambulans
612 2134 718 2178 auram
741 2118 916 2192 vespertino

82 2207 171 2255 vento
197 2209 395 2274 temperatam
421 2198 561 2274 spirabat.
615 2196 716 2272 Quam
740 2198 916 2276 pulchrum,

83 2274 174 2354 quim
200 2276 374 2336 admirabile
402 2279 610 2354 spectaculum
637 2295 722 2336 mare
751 2278 916 2336 exhibebat

81 2358 187 2417 oceani
207 2357 441 2426 immensitatem
461 2362 478 2418 e
501 2360 601 2418 littore
621 2352 827 2435 prospicienti?
869 2356 917 2420 Ut

82 2438 210 2507 varium,
235 2449 269 2497 ut
290 2438 340 2500 sui
364 2455 487 2514 semper
507 2439 666 2499 dissimile!
709 2437 803 2498 Medd
819 2437 918 2516 plati·

82 2519 202 2578 dumet
225 2518 312 2596 qnasi
326 2518 468 2595 sopitum,
488 2517 660 2596 politissimi
680 2519 824 2580 mentitur
845 2534 917 2596 spe·

82 2597 145 2657 culi
172 2598 337 2673 planitiem;
371 2599 463 2658 modd
486 2613 628 2678 tanquam
654 2599 708 2658 otii
735 2610 917 2677 pertaesutm

82 2677 233 2756 crispatur
254 2679 370 2746 leuiter,
392 2677 490 2740 fertur
508 2683 589 2740 ultra
611 2680 746 2757 citraque
758 2697 815 2756 per
836 2679 912 2738 ludi·

81 2758 193 2826 badum,
219 2756 290 2818 edm
305 2757 402 2818 subiti
417 2761 558 2820 ludorum
572 2760 743 2836 impatiens,
756 2762 918 2820 conturba·

81 2849 142 2910 tur,
168 2837 324 2916 turgescit,
351 2841 525 2918 fluctusque
553 2852 729 2920 spumantes
755 2841 849 2900 volvit
874 2840 918 2898 ad

80 2919 176 2996 pedes
191 2921 369 2977 nasamonas
384 2919 491 2979 secure
501 2921 598 2981 minas
611 2921 850 2998 contemplantis.

123 2999 204 3058 Curn
216 3000 260 3059 sic
271 2999 322 3059 ille
332 2999 362 3060 in
375 3000 569 3061 admiratione
578 3021 656 3062 nunc
669 3019 773 3061 rerum
783 3009 918 3071 naturae,

80 3079 275 3144 anaemaris
301 3079 413 3143 diutius
435 3082 584 3156 laesisset,
609 3093 675 3143 tum
694 3083 731 3143 ad
753 3097 786 3141 se
807 3081 920 3158 ipsum
