<?xml version="1.0" encoding="UTF-8"?>
<!DOCTYPE html PUBLIC "-//W3C//DTD XHTML 1.0 Transitional//EN"
    "http://www.w3.org/TR/xhtml1/DTD/xhtml1-transitional.dtd">
<html xmlns="http://www.w3.org/1999/xhtml" xml:lang="en" lang="en">
 <head>
  <title>
</title>
<meta http-equiv="Content-Type" content="text/html;charset=utf-8" />
  <meta name='ocr-system' content='tesseract 3.04.00' />
  <meta name='ocr-capabilities' content='ocr_page ocr_carea ocr_par ocr_line ocrx_word'/>
</head>
<body>
  <div class='ocr_page' id='page_1' title='image "./robinsoncrusous00goffgoog_0036.png"; bbox 0 0 2048 3288; ppageno 0'>
   <div class='ocr_carea' id='block_1_1' title="bbox 117 215 709 268">
    <p class='ocr_par' dir='ltr' id='par_1_1' title="bbox 117 215 709 268">
     <span class='ocr_line' id='line_1_1' title="bbox 117 215 709 268; baseline -0.002 -1"><span class='ocrx_word' id='word_1_1' title='bbox 117 215 154 268; x_wconf 76' lang='lat'>80</span> <span class='ocrx_word' id='word_1_2' title='bbox 353 226 515 266; x_wconf 81' lang='lat' dir='ltr'>nostrsorr</span> <span class='ocrx_word' id='word_1_3' title='bbox 536 225 709 266; x_wconf 81' lang='lat' dir='ltr'>oausosus.</span> 
     </span>
    </p>
   </div>
   <div class='ocr_carea' id='block_1_2' title="bbox 112 317 1005 3117">
    <p class='ocr_par' dir='ltr' id='par_1_2' title="bbox 114 317 953 476">
     <span class='ocr_line' id='line_1_2' title="bbox 114 317 953 396; baseline -0.004 -15"><span class='ocrx_word' id='word_1_4' title='bbox 114 322 193 381; x_wconf 88' lang='lat' dir='ltr'>inter</span> <span class='ocrx_word' id='word_1_5' title='bbox 205 317 308 380; x_wconf 88' lang='lat' dir='ltr'>furcas</span> <span class='ocrx_word' id='word_1_6' title='bbox 323 320 432 396; x_wconf 82' lang='lat' dir='ltr'><strong>posuit,</strong></span> <span class='ocrx_word' id='word_1_7' title='bbox 447 339 503 378; x_wconf 90' lang='lat' dir='ltr'>nec</span> <span class='ocrx_word' id='word_1_8' title='bbox 517 320 702 378; x_wconf 81' lang='lat' dir='ltr'>mediocrem</span> <span class='ocrx_word' id='word_1_9' title='bbox 719 317 856 396; x_wconf 79' lang='lat' dir='ltr'>percepit</span> <span class='ocrx_word' id='word_1_10' title='bbox 870 319 953 386; x_wconf 87' lang='lat' dir='ltr'>iaeti·</span> 
     </span>
     <span class='ocr_line' id='line_1_3' title="bbox 114 399 894 476; baseline -0.006 -16"><span class='ocrx_word' id='word_1_11' title='bbox 114 404 197 470; x_wconf 79' lang='lat' dir='ltr'>tianr,</span> <span class='ocrx_word' id='word_1_12' title='bbox 212 399 287 460; x_wconf 82' lang='lat' dir='ltr'>ctim&#39;</span> <span class='ocrx_word' id='word_1_13' title='bbox 298 401 421 460; x_wconf 85' lang='lat' dir='ltr'>vidisset</span> <span class='ocrx_word' id='word_1_14' title='bbox 434 400 524 476; x_wconf 75' lang='lat' dir='ltr'>quarn</span> <span class='ocrx_word' id='word_1_15' title='bbox 541 404 608 475; x_wconf 70' lang='lat' dir='ltr'>apte*</span> <span class='ocrx_word' id='word_1_16' title='bbox 624 419 696 458; x_wconf 88' lang='lat' dir='ltr'>veru</span> <span class='ocrx_word' id='word_1_17' title='bbox 712 411 894 458; x_wconf 88' lang='lat' dir='ltr'>versaretur.</span> 
     </span>
    </p>

    <p class='ocr_par' dir='ltr' id='par_1_3' title="bbox 113 480 979 1596">
     <span class='ocr_line' id='line_1_4' title="bbox 154 480 951 558; baseline -0.001 -18"><span class='ocrx_word' id='word_1_18' title='bbox 154 481 221 540; x_wconf 87' lang='lat' dir='ltr'>Jarn</span> <span class='ocrx_word' id='word_1_19' title='bbox 257 482 505 558; x_wconf 65' lang='lat' dir='ltr'>praeter-»ignem</span> <span class='ocrx_word' id='word_1_20' title='bbox 538 480 610 538; x_wconf 89' lang='lat' dir='ltr'>nihil</span> <span class='ocrx_word' id='word_1_21' title='bbox 643 483 804 537; x_wconf 76' lang='lat' dir='ltr'>Robinsoni</span> <span class='ocrx_word' id='word_1_22' title='bbox 835 482 951 540; x_wconf 87' lang='lat' dir='ltr'>deerat.</span> 
     </span>
     <span class='ocr_line' id='line_1_5' title="bbox 114 561 951 640; baseline 0.002 -23"><span class='ocrx_word' id='word_1_23' title='bbox 114 563 217 634; x_wconf 87' lang='lat' dir='ltr'><strong>Quem</strong></span> <span class='ocrx_word' id='word_1_24' title='bbox 235 581 273 619; x_wconf 88' lang='lat' dir='ltr'>ex</span> <span class='ocrx_word' id='word_1_25' title='bbox 289 563 406 620; x_wconf 88' lang='lat' dir='ltr'>duobus</span> <span class='ocrx_word' id='word_1_26' title='bbox 422 561 495 637; x_wconf 87' lang='lat' dir='ltr'>ligni</span> <span class='ocrx_word' id='word_1_27' title='bbox 517 561 715 640; x_wconf 77' lang='lat' dir='ltr'>fragminibus</span> <span class='ocrx_word' id='word_1_28' title='bbox 729 562 806 618; x_wconf 80' lang='lat' dir='ltr'>inter</span> <span class='ocrx_word' id='word_1_29' title='bbox 828 579 861 618; x_wconf 89' lang='lat' dir='ltr'>se</span> <span class='ocrx_word' id='word_1_30' title='bbox 885 565 951 620; x_wconf 87' lang='lat' dir='ltr'>coi-</span> 
     </span>
     <span class='ocr_line' id='line_1_6' title="bbox 113 632 979 718; baseline -0.002 -18"><span class='ocrx_word' id='word_1_31' title='bbox 113 641 178 700; x_wconf 88' lang='lat' dir='ltr'>lisis</span> <span class='ocrx_word' id='word_1_32' title='bbox 200 643 310 700; x_wconf 80' lang='lat' dir='ltr'>elicere</span> <span class='ocrx_word' id='word_1_33' title='bbox 325 659 491 718; x_wconf 71' lang='lat' dir='ltr'>aggressus</span> <span class='ocrx_word' id='word_1_34' title='bbox 506 653 561 707; x_wconf 88' lang='lat' dir='ltr'>est,</span> <span class='ocrx_word' id='word_1_35' title='bbox 584 643 637 698; x_wconf 87' lang='lat' dir='ltr'>sed</span> <span class='ocrx_word' id='word_1_36' title='bbox 657 639 775 700; x_wconf 82' lang='lat' dir='ltr'>frustrai.</span> <span class='ocrx_word' id='word_1_37' title='bbox 818 632 979 713; x_wconf 76' lang='lat' dir='ltr'>Quoties⁴</span> 
     </span>
     <span class='ocr_line' id='line_1_7' title="bbox 114 720 949 799; baseline 0.001 -21"><span class='ocrx_word' id='word_1_38' title='bbox 114 721 193 779; x_wconf 89' lang='lat' dir='ltr'>enim</span> <span class='ocrx_word' id='word_1_39' title='bbox 209 723 289 799; x_wconf 87' lang='lat' dir='ltr'>ligna</span> <span class='ocrx_word' id='word_1_40' title='bbox 303 722 486 780; x_wconf 80' lang='lat' dir='ltr'>incalescere</span> <span class='ocrx_word' id='word_1_41' title='bbox 508 734 670 796; x_wconf 88' lang='lat' dir='ltr'>coeperant,</span> <span class='ocrx_word' id='word_1_42' title='bbox 685 721 771 779; x_wconf 87' lang='lat' dir='ltr'>toties</span> <span class='ocrx_word' id='word_1_43' title='bbox 784 721 849 796; x_wconf 90' lang='lat' dir='ltr'>ipse</span> <span class='ocrx_word' id='word_1_44' title='bbox 872 720 949 779; x_wconf 82' lang='lat' dir='ltr'>adad</span> 
     </span>
     <span class='ocr_line' id='line_1_8' title="bbox 113 799 950 878; baseline -0.001 -19"><span class='ocrx_word' id='word_1_45' title='bbox 113 801 294 878; x_wconf 78' lang='lat' dir='ltr'>defatigatus</span> <span class='ocrx_word' id='word_1_46' title='bbox 309 815 374 860; x_wconf 90' lang='lat' dir='ltr'>erat</span> <span class='ocrx_word' id='word_1_47' title='bbox 385 815 416 860; x_wconf 92' lang='lat' dir='ltr'>ut</span> <span class='ocrx_word' id='word_1_48' title='bbox 428 800 647 878; x_wconf 75' lang='lat' dir='ltr'>aliquantulum</span> <span class='ocrx_word' id='word_1_49' title='bbox 658 801 805 876; x_wconf 88' lang='lat' dir='ltr'>temporis</span> <span class='ocrx_word' id='word_1_50' title='bbox 816 799 834 859; x_wconf 82' lang='lat' dir='ltr'>si</span> <span class='ocrx_word' id='word_1_51' title='bbox 847 804 950 858; x_wconf 90' lang='lat' dir='ltr'>labore</span> 
     </span>
     <span class='ocr_line' id='line_1_9' title="bbox 114 880 950 948; baseline -0.002 -8"><span class='ocrx_word' id='word_1_52' title='bbox 114 884 296 940; x_wconf 88' lang='lat' dir='ltr'>cessandum</span> <span class='ocrx_word' id='word_1_53' title='bbox 312 894 404 948; x_wconf 88' lang='lat' dir='ltr'>esset,</span> <span class='ocrx_word' id='word_1_54' title='bbox 428 884 464 940; x_wconf 92' lang='lat' dir='ltr'>ad</span> <span class='ocrx_word' id='word_1_55' title='bbox 489 883 567 940; x_wconf 90' lang='lat' dir='ltr'>vires</span> <span class='ocrx_word' id='word_1_56' title='bbox 591 880 777 939; x_wconf 89' lang='lat' dir='ltr'>reficiendas.</span> <span class='ocrx_word' id='word_1_57' title='bbox 820 881 950 940; x_wconf 87' lang='lat' dir='ltr'>Interim</span> 
     </span>
     <span class='ocr_line' id='line_1_10' title="bbox 113 961 949 1038; baseline 0.001 -19"><span class='ocrx_word' id='word_1_58' title='bbox 113 963 194 1037; x_wconf 82' lang='lat' dir='ltr'>ligna</span> <span class='ocrx_word' id='word_1_59' title='bbox 206 961 417 1038; x_wconf 80' lang='lat' dir='ltr'>refrigescere,</span> <span class='ocrx_word' id='word_1_60' title='bbox 429 963 588 1038; x_wconf 86' lang='lat' dir='ltr'>omnisque</span> <span class='ocrx_word' id='word_1_61' title='bbox 601 963 684 1020; x_wconf 85' lang='lat' dir='ltr'>labor</span> <span class='ocrx_word' id='word_1_62' title='bbox 696 961 797 1018; x_wconf 87' lang='lat' dir='ltr'>irritus</span> <span class='ocrx_word' id='word_1_63' title='bbox 808 964 949 1020; x_wconf 82' lang='lat' dir='ltr'>evadere.</span> 
     </span>
     <span class='ocr_line' id='line_1_11' title="bbox 114 1040 949 1118; baseline 0.002 -20"><span class='ocrx_word' id='word_1_64' title='bbox 114 1041 198 1099; x_wconf 88' lang='lat' dir='ltr'>Turn</span> <span class='ocrx_word' id='word_1_65' title='bbox 213 1042 264 1099; x_wconf 90' lang='lat' dir='ltr'>ille</span> <span class='ocrx_word' id='word_1_66' title='bbox 290 1040 400 1100; x_wconf 82' lang='lat' dir='ltr'>iterdm</span> <span class='ocrx_word' id='word_1_67' title='bbox 424 1061 480 1100; x_wconf 87' lang='lat' dir='ltr'>nec</span> <span class='ocrx_word' id='word_1_68' title='bbox 505 1043 568 1100; x_wconf 89' lang='lat' dir='ltr'>sine</span> <span class='ocrx_word' id='word_1_69' title='bbox 594 1061 705 1118; x_wconf 87' lang='lat' dir='ltr'>magno</span> <span class='ocrx_word' id='word_1_70' title='bbox 729 1044 830 1100; x_wconf 85' lang='lat' dir='ltr'>dolore</span> <span class='ocrx_word' id='word_1_71' title='bbox 854 1042 949 1100; x_wconf 91' lang='lat' dir='ltr'>sensit</span> 
     </span>
     <span class='ocr_line' id='line_1_12' title="bbox 113 1121 948 1198; baseline 0.001 -19"><span class='ocrx_word' id='word_1_72' title='bbox 113 1121 207 1198; x_wconf 72' lang='lat' dir='ltr'>quim</span> <span class='ocrx_word' id='word_1_73' title='bbox 233 1139 335 1196; x_wconf 84' lang='lat' dir='ltr'>parvae</span> <span class='ocrx_word' id='word_1_74' title='bbox 351 1122 408 1182; x_wconf 85' lang='lat' dir='ltr'>sint</span> <span class='ocrx_word' id='word_1_75' title='bbox 431 1124 620 1197; x_wconf 81' lang='lat' dir='ltr'>singulorum</span> <span class='ocrx_word' id='word_1_76' title='bbox 646 1122 752 1197; x_wconf 83' lang='lat' dir='ltr'>copias,</span> <span class='ocrx_word' id='word_1_77' title='bbox 776 1133 948 1198; x_wconf 86' lang='lat' dir='ltr'>quantaque</span> 
     </span>
     <span class='ocr_line' id='line_1_13' title="bbox 113 1202 948 1260; baseline 0 0"><span class='ocrx_word' id='word_1_78' title='bbox 113 1204 318 1260; x_wconf 88' lang='lat' dir='ltr'>emolumenta</span> <span class='ocrx_word' id='word_1_79' title='bbox 332 1222 371 1260; x_wconf 87' lang='lat' dir='ltr'>ex</span> <span class='ocrx_word' id='word_1_80' title='bbox 393 1203 519 1260; x_wconf 88' lang='lat' dir='ltr'>aliorum</span> <span class='ocrx_word' id='word_1_81' title='bbox 535 1202 690 1260; x_wconf 87' lang='lat' dir='ltr'>hominum</span> <span class='ocrx_word' id='word_1_82' title='bbox 705 1202 847 1260; x_wconf 88' lang='lat' dir='ltr'>societate</span> <span class='ocrx_word' id='word_1_83' title='bbox 869 1202 948 1260; x_wconf 88' lang='lat' dir='ltr'>deri-</span> 
     </span>
     <span class='ocr_line' id='line_1_14' title="bbox 114 1283 948 1358; baseline 0.007 -24"><span class='ocrx_word' id='word_1_84' title='bbox 114 1295 233 1350; x_wconf 89' lang='lat' dir='ltr'>ventur;</span> <span class='ocrx_word' id='word_1_85' title='bbox 250 1283 359 1340; x_wconf 85' lang='lat' dir='ltr'>etenim</span> <span class='ocrx_word' id='word_1_86' title='bbox 376 1283 400 1340; x_wconf 90' lang='lat' dir='ltr'>si</span> <span class='ocrx_word' id='word_1_87' title='bbox 416 1285 462 1340; x_wconf 89' lang='lat' dir='ltr'>vei</span> <span class='ocrx_word' id='word_1_88' title='bbox 479 1283 571 1342; x_wconf 84' lang='lat' dir='ltr'>unuin</span> <span class='ocrx_word' id='word_1_89' title='bbox 586 1283 739 1340; x_wconf 78' lang='lat' dir='ltr'>habuisset</span> <span class='ocrx_word' id='word_1_90' title='bbox 754 1283 868 1340; x_wconf 86' lang='lat' dir='ltr'>socium</span> <span class='ocrx_word' id='word_1_91' title='bbox 884 1283 948 1358; x_wconf 89' lang='lat' dir='ltr'>qui,</span> 
     </span>
     <span class='ocr_line' id='line_1_15' title="bbox 114 1362 949 1437; baseline 0.001 -18"><span class='ocrx_word' id='word_1_92' title='bbox 114 1363 185 1420; x_wconf 89' lang='lat' dir='ltr'>dum</span> <span class='ocrx_word' id='word_1_93' title='bbox 203 1363 305 1437; x_wconf 90' lang='lat' dir='ltr'>ipsum</span> <span class='ocrx_word' id='word_1_94' title='bbox 320 1364 399 1421; x_wconf 89' lang='lat' dir='ltr'>vires</span> <span class='ocrx_word' id='word_1_95' title='bbox 413 1362 586 1431; x_wconf 88' lang='lat' dir='ltr'>deficerent,</span> <span class='ocrx_word' id='word_1_96' title='bbox 600 1363 716 1420; x_wconf 87' lang='lat' dir='ltr'>terendi</span> <span class='ocrx_word' id='word_1_97' title='bbox 731 1365 863 1422; x_wconf 89' lang='lat' dir='ltr'>laborem</span> <span class='ocrx_word' id='word_1_98' title='bbox 878 1373 949 1420; x_wconf 66' lang='lat' dir='ltr'>cent</span> 
     </span>
     <span class='ocr_line' id='line_1_16' title="bbox 113 1441 948 1519; baseline -0.002 -17"><span class='ocrx_word' id='word_1_99' title='bbox 113 1441 270 1511; x_wconf 68' lang='lat' dir='ltr'>tinuisseh</span> <span class='ocrx_word' id='word_1_100' title='bbox 284 1441 419 1518; x_wconf 83' lang='lat' dir='ltr'>profectd</span> <span class='ocrx_word' id='word_1_101' title='bbox 436 1444 516 1518; x_wconf 84' lang='lat' dir='ltr'>ligna</span> <span class='ocrx_word' id='word_1_102' title='bbox 530 1445 655 1500; x_wconf 89' lang='lat' dir='ltr'>demum</span> <span class='ocrx_word' id='word_1_103' title='bbox 670 1445 773 1519; x_wconf 86' lang='lat' dir='ltr'>ignem</span> <span class='ocrx_word' id='word_1_104' title='bbox 792 1443 948 1518; x_wconf 89' lang='lat' dir='ltr'>concepis-</span> 
     </span>
     <span class='ocr_line' id='line_1_17' title="bbox 114 1521 898 1596; baseline -0.004 -14"><span class='ocrx_word' id='word_1_105' title='bbox 114 1536 188 1582; x_wconf 86' lang='lat' dir='ltr'>sent.</span> <span class='ocrx_word' id='word_1_106' title='bbox 231 1523 292 1580; x_wconf 89' lang='lat' dir='ltr'>Sed</span> <span class='ocrx_word' id='word_1_107' title='bbox 306 1526 389 1582; x_wconf 90' lang='lat' dir='ltr'>labor</span> <span class='ocrx_word' id='word_1_108' title='bbox 404 1525 446 1582; x_wconf 90' lang='lat' dir='ltr'>sic</span> <span class='ocrx_word' id='word_1_109' title='bbox 460 1523 651 1582; x_wconf 87' lang='lat' dir='ltr'>intermissus</span> <span class='ocrx_word' id='word_1_110' title='bbox 666 1521 785 1582; x_wconf 79' lang='lat' dir='ltr'>omnind</span> <span class='ocrx_word' id='word_1_111' title='bbox 803 1523 898 1596; x_wconf 88' lang='lat' dir='ltr'>periit.</span> 
     </span>
    </p>

    <p class='ocr_par' dir='ltr' id='par_1_4' title="bbox 112 1603 949 2142">
     <span class='ocr_line' id='line_1_18' title="bbox 155 1603 948 1682; baseline 0.003 -23"><span class='ocrx_word' id='word_1_112' title='bbox 155 1603 294 1660; x_wconf 78' lang='lat' dir='ltr'>Tandem</span> <span class='ocrx_word' id='word_1_113' title='bbox 310 1605 410 1662; x_wconf 85' lang='lat' dir='ltr'>animo</span> <span class='ocrx_word' id='word_1_114' title='bbox 420 1604 543 1671; x_wconf 88' lang='lat' dir='ltr'>fractus,</span> <span class='ocrx_word' id='word_1_115' title='bbox 559 1605 648 1682; x_wconf 81' lang='lat' dir='ltr'>lignis</span> <span class='ocrx_word' id='word_1_116' title='bbox 663 1605 800 1682; x_wconf 85' lang='lat' dir='ltr'>abjectis,</span> <span class='ocrx_word' id='word_1_117' title='bbox 814 1604 948 1662; x_wconf 91' lang='lat' dir='ltr'>considet</span> 
     </span>
     <span class='ocr_line' id='line_1_19' title="bbox 113 1683 948 1760; baseline 0 -18"><span class='ocrx_word' id='word_1_118' title='bbox 113 1683 143 1742; x_wconf 90' lang='lat' dir='ltr'>in</span> <span class='ocrx_word' id='word_1_119' title='bbox 159 1695 250 1740; x_wconf 85' lang='lat' dir='ltr'>strato</span> <span class='ocrx_word' id='word_1_120' title='bbox 260 1683 420 1760; x_wconf 82' lang='lat' dir='ltr'>capiteque</span> <span class='ocrx_word' id='word_1_121' title='bbox 432 1686 575 1742; x_wconf 90' lang='lat' dir='ltr'>reclinato</span> <span class='ocrx_word' id='word_1_122' title='bbox 586 1689 690 1742; x_wconf 85' lang='lat' dir='ltr'>oculos</span> <span class='ocrx_word' id='word_1_123' title='bbox 702 1702 757 1740; x_wconf 91' lang='lat' dir='ltr'>non</span> <span class='ocrx_word' id='word_1_124' title='bbox 770 1685 866 1742; x_wconf 88' lang='lat' dir='ltr'>semel</span> <span class='ocrx_word' id='word_1_125' title='bbox 878 1701 948 1742; x_wconf 91' lang='lat' dir='ltr'>con-</span> 
     </span>
     <span class='ocr_line' id='line_1_20' title="bbox 112 1763 948 1842; baseline 0.002 -22"><span class='ocrx_word' id='word_1_126' title='bbox 112 1763 177 1842; x_wconf 89' lang='lat' dir='ltr'>jicit</span> <span class='ocrx_word' id='word_1_127' title='bbox 193 1763 223 1820; x_wconf 94' lang='lat' dir='ltr'>in</span> <span class='ocrx_word' id='word_1_128' title='bbox 237 1781 359 1820; x_wconf 88' lang='lat' dir='ltr'>carnem</span> <span class='ocrx_word' id='word_1_129' title='bbox 373 1765 456 1822; x_wconf 87' lang='lat' dir='ltr'>iiiam</span> <span class='ocrx_word' id='word_1_130' title='bbox 471 1783 562 1840; x_wconf 87' lang='lat' dir='ltr'>quarn</span> <span class='ocrx_word' id='word_1_131' title='bbox 578 1783 655 1822; x_wconf 90' lang='lat' dir='ltr'>nunc</span> <span class='ocrx_word' id='word_1_132' title='bbox 675 1783 730 1820; x_wconf 89' lang='lat' dir='ltr'>non</span> <span class='ocrx_word' id='word_1_133' title='bbox 746 1765 833 1822; x_wconf 88' lang='lat' dir='ltr'>datur</span> <span class='ocrx_word' id='word_1_134' title='bbox 846 1783 948 1822; x_wconf 90' lang='lat' dir='ltr'>come·</span> 
     </span>
     <span class='ocr_line' id='line_1_21' title="bbox 113 1842 949 1906; baseline 0 -4"><span class='ocrx_word' id='word_1_135' title='bbox 113 1844 194 1902; x_wconf 89' lang='lat' dir='ltr'>dere.</span> <span class='ocrx_word' id='word_1_136' title='bbox 209 1897 212 1902; x_wconf 93' lang='grc'><em>,</em></span> <span class='ocrx_word' id='word_1_137' title='bbox 227 1844 285 1906; x_wconf 79' lang='lat' dir='ltr'>(Ad</span> <span class='ocrx_word' id='word_1_138' title='bbox 300 1846 366 1902; x_wconf 86' lang='lat' dir='ltr'>haec</span> <span class='ocrx_word' id='word_1_139' title='bbox 389 1843 458 1901; x_wconf 86' lang='lat' dir='ltr'>ctim</span> <span class='ocrx_word' id='word_1_140' title='bbox 475 1842 572 1902; x_wconf 82' lang='lat' dir='ltr'>suhitd</span> <span class='ocrx_word' id='word_1_141' title='bbox 588 1845 617 1902; x_wconf 92' lang='lat' dir='ltr'>in</span> <span class='ocrx_word' id='word_1_142' title='bbox 634 1855 766 1901; x_wconf 87' lang='lat' dir='ltr'>mentem</span> <span class='ocrx_word' id='word_1_143' title='bbox 782 1845 878 1902; x_wconf 87' lang='lat' dir='ltr'>hiems</span> <span class='ocrx_word' id='word_1_144' title='bbox 900 1862 949 1902; x_wconf 91' lang='lat' dir='ltr'>re·</span> 
     </span>
     <span class='ocr_line' id='line_1_22' title="bbox 114 1922 948 2000; baseline 0.001 -19"><span class='ocrx_word' id='word_1_145' title='bbox 114 1923 269 1993; x_wconf 80' lang='lat' dir='ltr'>currisset,</span> <span class='ocrx_word' id='word_1_146' title='bbox 290 1935 371 1982; x_wconf 87' lang='lat' dir='ltr'>tanto</span> <span class='ocrx_word' id='word_1_147' title='bbox 396 1943 508 1999; x_wconf 84' lang='lat' dir='ltr'>angore</span> <span class='ocrx_word' id='word_1_148' title='bbox 524 1943 688 2000; x_wconf 87' lang='lat' dir='ltr'>oppressus</span> <span class='ocrx_word' id='word_1_149' title='bbox 712 1935 767 1992; x_wconf 86' lang='lat' dir='ltr'>est,</span> <span class='ocrx_word' id='word_1_150' title='bbox 785 1935 817 1982; x_wconf 87' lang='lat' dir='ltr'>ut</span> <span class='ocrx_word' id='word_1_151' title='bbox 842 1922 858 1981; x_wconf 80' lang='grc' dir='ltr'>ὲ</span> <span class='ocrx_word' id='word_1_152' title='bbox 883 1926 948 1982; x_wconf 89' lang='lat' dir='ltr'>solo</span> 
     </span>
     <span class='ocr_line' id='line_1_23' title="bbox 114 2003 947 2080; baseline 0.006 -22"><span class='ocrx_word' id='word_1_153' title='bbox 114 2021 293 2075; x_wconf 78' lang='lat' dir='ltr'>exsurgens,</span> <span class='ocrx_word' id='word_1_154' title='bbox 315 2004 406 2063; x_wconf 89' lang='lat' dir='ltr'>animi</span> <span class='ocrx_word' id='word_1_155' title='bbox 428 2003 581 2063; x_wconf 81' lang='lat' dir='ltr'>reficiendi</span> <span class='ocrx_word' id='word_1_156' title='bbox 606 2007 699 2063; x_wconf 76' lang='lat' dir='ltr'>causa</span> <span class='ocrx_word' id='word_1_157' title='bbox 724 2003 947 2080; x_wconf 77' lang='lat' dir='ltr'>aliquantutum</span> 
     </span>
     <span class='ocr_line' id='line_1_24' title="bbox 114 2083 311 2142; baseline 0.005 -1"><span class='ocrx_word' id='word_1_158' title='bbox 114 2083 231 2141; x_wconf 90' lang='lat' dir='ltr'>circum</span> <span class='ocrx_word' id='word_1_159' title='bbox 245 2085 311 2142; x_wconf 89' lang='lat' dir='ltr'>iret.</span> 
     </span>
    </p>

    <p class='ocr_par' dir='ltr' id='par_1_5' title="bbox 113 2163 948 2622">
     <span class='ocr_line' id='line_1_25' title="bbox 154 2163 947 2241; baseline 0.003 -20"><span class='ocrx_word' id='word_1_160' title='bbox 154 2164 274 2238; x_wconf 87' lang='lat' dir='ltr'>Quibus</span> <span class='ocrx_word' id='word_1_161' title='bbox 298 2163 528 2241; x_wconf 84' lang='lat' dir='ltr'>cogitationibus</span> <span class='ocrx_word' id='word_1_162' title='bbox 553 2177 693 2236; x_wconf 87' lang='lat' dir='ltr'>aestuans,</span> <span class='ocrx_word' id='word_1_163' title='bbox 717 2167 753 2223; x_wconf 88' lang='lat' dir='ltr'>ad</span> <span class='ocrx_word' id='word_1_164' title='bbox 777 2163 889 2224; x_wconf 88' lang='lat' dir='ltr'>fontem</span> <span class='ocrx_word' id='word_1_165' title='bbox 913 2182 947 2223; x_wconf 91' lang='lat' dir='ltr'>se</span> 
     </span>
     <span class='ocr_line' id='line_1_26' title="bbox 114 2243 948 2322; baseline 0.002 -20"><span class='ocrx_word' id='word_1_166' title='bbox 114 2245 249 2313; x_wconf 84' lang='lat' dir='ltr'>contulit,</span> <span class='ocrx_word' id='word_1_167' title='bbox 262 2264 371 2322; x_wconf 88' lang='lat' dir='ltr'>aquarn</span> <span class='ocrx_word' id='word_1_168' title='bbox 393 2243 534 2321; x_wconf 85' lang='lat' dir='ltr'>frigidam</span> <span class='ocrx_word' id='word_1_169' title='bbox 550 2246 703 2321; x_wconf 88' lang='lat' dir='ltr'>putamine</span> <span class='ocrx_word' id='word_1_170' title='bbox 725 2265 860 2306; x_wconf 88' lang='lat' dir='ltr'>cocossae</span> <span class='ocrx_word' id='word_1_171' title='bbox 879 2247 948 2306; x_wconf 90' lang='lat' dir='ltr'>inde</span> 
     </span>
     <span class='ocr_line' id='line_1_27' title="bbox 114 2326 948 2386; baseline 0.002 -4"><span class='ocrx_word' id='word_1_172' title='bbox 114 2327 285 2383; x_wconf 84' lang='lat' dir='ltr'>hausturus.</span> <span class='ocrx_word' id='word_1_173' title='bbox 329 2326 430 2384; x_wconf 86' lang='lat' dir='ltr'>Succo</span> <span class='ocrx_word' id='word_1_174' title='bbox 440 2326 548 2384; x_wconf 89' lang='lat' dir='ltr'>deinde</span> <span class='ocrx_word' id='word_1_175' title='bbox 560 2329 707 2384; x_wconf 87' lang='lat' dir='ltr'>malorum</span> <span class='ocrx_word' id='word_1_176' title='bbox 720 2327 885 2386; x_wconf 88' lang='lat' dir='ltr'>citreorum</span> <span class='ocrx_word' id='word_1_177' title='bbox 897 2327 948 2384; x_wconf 87' lang='lat' dir='ltr'>ad·</span> 
     </span>
     <span class='ocr_line' id='line_1_28' title="bbox 114 2405 948 2480; baseline 0.002 -18"><span class='ocrx_word' id='word_1_178' title='bbox 114 2405 211 2476; x_wconf 88' lang='lat' dir='ltr'>misto,</span> <span class='ocrx_word' id='word_1_179' title='bbox 236 2415 340 2480; x_wconf 90' lang='lat' dir='ltr'>potum</span> <span class='ocrx_word' id='word_1_180' title='bbox 355 2405 427 2463; x_wconf 87' lang='lat' dir='ltr'>saris</span> <span class='ocrx_word' id='word_1_181' title='bbox 449 2425 572 2464; x_wconf 89' lang='lat' dir='ltr'>suavem</span> <span class='ocrx_word' id='word_1_182' title='bbox 595 2417 626 2463; x_wconf 93' lang='lat' dir='ltr'>et</span> <span class='ocrx_word' id='word_1_183' title='bbox 640 2405 811 2466; x_wconf 85' lang='lat' dir='ltr'>recreandis</span> <span class='ocrx_word' id='word_1_184' title='bbox 834 2407 948 2465; x_wconf 86' lang='lat' dir='ltr'>viribus</span> 
     </span>
     <span class='ocr_line' id='line_1_29' title="bbox 113 2485 948 2562; baseline 0.005 -20"><span class='ocrx_word' id='word_1_185' title='bbox 113 2487 246 2542; x_wconf 75' lang='lat' dir='ltr'>maxime</span> <span class='ocrx_word' id='word_1_186' title='bbox 268 2488 297 2543; x_wconf 87' lang='lat' dir='ltr'>iu</span> <span class='ocrx_word' id='word_1_187' title='bbox 313 2487 369 2544; x_wconf 89' lang='lat' dir='ltr'>hoc</span> <span class='ocrx_word' id='word_1_188' title='bbox 391 2503 494 2544; x_wconf 89' lang='lat' dir='ltr'>rerum</span> <span class='ocrx_word' id='word_1_189' title='bbox 510 2487 636 2545; x_wconf 84' lang='lat' dir='ltr'>articulo</span> <span class='ocrx_word' id='word_1_190' title='bbox 650 2486 793 2545; x_wconf 89' lang='lat' dir='ltr'>idoneum</span> <span class='ocrx_word' id='word_1_191' title='bbox 815 2485 871 2543; x_wconf 88' lang='lat' dir='ltr'>sibi</span> <span class='ocrx_word' id='word_1_192' title='bbox 896 2503 948 2562; x_wconf 90' lang='lat' dir='ltr'>pa·</span> 
     </span>
     <span class='ocr_line' id='line_1_30' title="bbox 113 2577 197 2622; baseline 0 0"><span class='ocrx_word' id='word_1_193' title='bbox 113 2577 197 2622; x_wconf 80' lang='lat' dir='ltr'>ravit.</span> 
     </span>
    </p>

    <p class='ocr_par' dir='ltr' id='par_1_6' title="bbox 113 2645 1005 3048">
     <span class='ocr_line' id='line_1_31' title="bbox 155 2645 949 2706; baseline 0.003 -4"><span class='ocrx_word' id='word_1_194' title='bbox 155 2646 297 2704; x_wconf 87' lang='lat' dir='ltr'>Attamen</span> <span class='ocrx_word' id='word_1_195' title='bbox 320 2646 417 2704; x_wconf 89' lang='lat' dir='ltr'>carnis</span> <span class='ocrx_word' id='word_1_196' title='bbox 441 2665 518 2706; x_wconf 83' lang='lat' dir='ltr'>assae</span> <span class='ocrx_word' id='word_1_197' title='bbox 533 2647 718 2706; x_wconf 89' lang='lat' dir='ltr'>desiderium</span> <span class='ocrx_word' id='word_1_198' title='bbox 739 2646 870 2706; x_wconf 90' lang='lat' dir='ltr'>nondum</span> <span class='ocrx_word' id='word_1_199' title='bbox 895 2645 949 2704; x_wconf 86' lang='lat' dir='ltr'>iile</span> 
     </span>
     <span class='ocr_line' id='line_1_32' title="bbox 113 2725 1005 2800; baseline 0.003 -17"><span class='ocrx_word' id='word_1_200' title='bbox 113 2725 306 2800; x_wconf 86' lang='lat' dir='ltr'>deposuerat.</span> <span class='ocrx_word' id='word_1_201' title='bbox 346 2727 483 2784; x_wconf 87' lang='lat' dir='ltr'>Tandem</span> <span class='ocrx_word' id='word_1_202' title='bbox 498 2725 567 2786; x_wconf 86' lang='lat' dir='ltr'>rerd</span> <span class='ocrx_word' id='word_1_203' title='bbox 588 2727 787 2786; x_wconf 88' lang='lat' dir='ltr'>Tartarorum</span> <span class='ocrx_word' id='word_1_204' title='bbox 809 2729 949 2788; x_wconf 87' lang='lat' dir='ltr'>recorda·</span> <span class='ocrx_word' id='word_1_205' title='bbox 1000 2761 1005 2770; x_wconf 94' lang='lat'><strong>·</strong></span> 
     </span>
     <span class='ocr_line' id='line_1_33' title="bbox 113 2807 947 2888; baseline 0.004 -25"><span class='ocrx_word' id='word_1_206' title='bbox 113 2819 163 2864; x_wconf 91' lang='lat' dir='ltr'>tus</span> <span class='ocrx_word' id='word_1_207' title='bbox 178 2817 234 2874; x_wconf 91' lang='lat' dir='ltr'>est,</span> <span class='ocrx_word' id='word_1_208' title='bbox 247 2825 323 2882; x_wconf 89' lang='lat' dir='ltr'>quus</span> <span class='ocrx_word' id='word_1_209' title='bbox 335 2807 469 2864; x_wconf 87' lang='lat' dir='ltr'>audierat</span> <span class='ocrx_word' id='word_1_210' title='bbox 479 2825 600 2866; x_wconf 88' lang='lat' dir='ltr'>carnem</span> <span class='ocrx_word' id='word_1_211' title='bbox 612 2826 703 2884; x_wconf 89' lang='lat' dir='ltr'>quam</span> <span class='ocrx_word' id='word_1_212' title='bbox 718 2808 880 2888; x_wconf 70' lang='lat' dir='ltr'>comederp</span> <span class='ocrx_word' id='word_1_213' title='bbox 894 2825 947 2866; x_wconf 91' lang='lat' dir='ltr'>cu·</span> 
     </span>
     <span class='ocr_line' id='line_1_34' title="bbox 114 2886 949 2964; baseline 0.001 -22"><span class='ocrx_word' id='word_1_214' title='bbox 114 2886 194 2960; x_wconf 89' lang='lat' dir='ltr'>piant</span> <span class='ocrx_word' id='word_1_215' title='bbox 218 2886 369 2962; x_wconf 86' lang='lat' dir='ltr'>ephippiis</span> <span class='ocrx_word' id='word_1_216' title='bbox 390 2886 558 2964; x_wconf 88' lang='lat' dir='ltr'>subjectam</span> <span class='ocrx_word' id='word_1_217' title='bbox 580 2887 671 2946; x_wconf 88' lang='lat' dir='ltr'>citato</span> <span class='ocrx_word' id='word_1_218' title='bbox 691 2905 784 2946; x_wconf 89' lang='lat' dir='ltr'>cursu</span> <span class='ocrx_word' id='word_1_219' title='bbox 806 2905 949 2963; x_wconf 84' lang='lat' dir='ltr'>coquere.</span> 
     </span>
     <span class='ocr_line' id='line_1_35' title="bbox 114 2966 950 3048; baseline 0.002 -26"><span class='ocrx_word' id='word_1_220' title='bbox 114 2969 218 3042; x_wconf 82' lang='lat' dir='ltr'>Atque</span> <span class='ocrx_word' id='word_1_221' title='bbox 233 2966 317 3033; x_wconf 81' lang='lat' dir='ltr'>illud,</span> <span class='ocrx_word' id='word_1_222' title='bbox 339 2967 380 3024; x_wconf 90' lang='lat' dir='ltr'>ait</span> <span class='ocrx_word' id='word_1_223' title='bbox 393 2977 510 3035; x_wconf 82' lang='lat' dir='ltr'>secum,</span> <span class='ocrx_word' id='word_1_224' title='bbox 530 2967 716 3027; x_wconf 68' lang='lat' dir='ltr'>alienatione</span> <span class='ocrx_word' id='word_1_225' title='bbox 738 2968 859 3044; x_wconf 87' lang='lat' dir='ltr'>assequi</span> <span class='ocrx_word' id='word_1_226' title='bbox 879 2985 950 3048; x_wconf 70' lang='lat' dir='ltr'>pos·⁸</span> 
     </span>
    </p>

    <p class='ocr_par' dir='ltr' id='par_1_7' title="bbox 145 3045 784 3117">
     <span class='ocr_line' id='line_1_36' title="bbox 145 3045 784 3117; baseline -0.002 -13"><span class='ocrx_word' id='word_1_227' title='bbox 145 3064 194 3117; x_wconf 88' lang='lat' dir='ltr'>·m;</span> <span class='ocrx_word' id='word_1_228' title='bbox 209 3045 243 3107; x_wconf 67' lang='lat' dir='ltr'>et&#39;</span> <span class='ocrx_word' id='word_1_229' title='bbox 254 3046 395 3107; x_wconf 83' lang='lat' dir='ltr'>contiuub</span> <span class='ocrx_word' id='word_1_230' title='bbox 409 3064 475 3107; x_wconf 86' lang='lat' dir='ltr'>rem</span> <span class='ocrx_word' id='word_1_231' title='bbox 490 3058 604 3108; x_wconf 87' lang='lat' dir='ltr'>tentare</span> <span class='ocrx_word' id='word_1_232' title='bbox 622 3047 784 3110; x_wconf 71' lang='lat' dir='ltr'>consumit.</span> 
     </span>
    </p>
   </div>
   <div class='ocr_carea' id='block_1_3' title="bbox 0 0 1028 3288">
    <p class='ocr_par' dir='ltr' id='par_1_8' title="bbox 0 0 1028 3288">
     <span class='ocr_line' id='line_1_37' title="bbox 0 0 1028 3288; baseline 0 0"><span class='ocrx_word' id='word_1_233' title='bbox 0 0 1028 3288; x_wconf 95' lang='lat' dir='ltr'> </span> 
     </span>
    </p>
   </div>
  </div>
 </body>
</html>
