2068 3278
323 251 483 292 sosiusou
504 251 678 293 osusosus.
840 268 842 272 ·
878 238 913 293 15

85 343 372 424 projiciunt,coeteri
382 346 418 402 sd
430 345 600 402 convivium
613 341 751 403 horribile
762 356 916 404 revertun-

84 436 143 484 tur.
184 424 306 498 Quanto
321 437 422 482 eutem
438 427 548 502 gaudio
565 427 716 480 Robinson
731 423 916 484 animadvet·
959 453 964 467 ·

84 504 130 574 tit,
149 508 203 562 hos
224 505 266 562 illi
287 501 412 563 natando
427 522 515 582 peres
530 523 586 562 non
601 504 678 560 essel
723 505 819 563 Miser
835 505 916 564 enim

82 584 146 662 jem
157 603 197 642 ex
207 588 284 660 aqui
294 601 467 649 emerserat
478 583 549 642 erim
562 583 804 648 caeteriuondtim
814 603 917 644 enten-

7 699 9 702 -
85 665 110 722 si
124 677 210 724 erent
223 665 376 724 dimidiam
392 666 473 724 sinus
489 677 614 740 partem.

124 743 214 803 Tunc
231 746 383 812 Robinson
397 745 515 804 insoliti
536 743 705 803 fortitudine
721 756 810 821 atque
826 745 917 806 eude-

83 825 130 884 citt
157 825 321 883 auimatum
344 841 376 880 se
390 827 491 892 sensit;
517 825 600 884 haste
621 827 760 900 correpte
780 823 798 882 d
816 838 916 884 monte

10 915 16 931 “
83 897 241 964 decurrit
270 903 309 962 Et
337 903 476 964 contioud
499 923 643 980 egressus
669 907 763 980 sylva,
790 905 916 966 terribili

82 1001 158 1044 voce
184 985 345 1043 exclamat.
381 985 459 1042 Siste
475 985 613 1076 gradum!
652 985 765 1055 Atille,
780 995 917 1061 aspectu,

83 1065 263 1121 Robinsonir
289 1065 418 1139 pellibus
433 1063 543 1122 horridi
565 1066 729 1141 obstupuit,
751 1079 833 1124 ratus
847 1083 916 1124 esse

82 1145 216 1222 aliquem
240 1161 331 1220 supra
353 1147 516 1203 humanam
534 1145 777 1218 conditionem,
770 1157 917 1203 incertus·

81 1242 142 1362 pue
158 1236 260 1284 utrum
277 1243 309 1282 se
333 1226 369 1283 ed
392 1226 486 1300 pedes
507 1223 576 1303 ejus
597 1224 770 1304 projiceret,
791 1243 827 1284 en
843 1223 915 1284 rerd

7 1343 8 1350 κ
96 1321 188 1382 ugam
203 1317 446 1382 persequeretur
491 1306 682 1362 Robinson
657 1325 685 1364 er
711 1323 799 1364 mauu
822 1304 916 1382 signi·

82 1383 152 1444 licet
166 1387 273 1444 adesse
288 1403 319 1442 se
334 1383 535 1454 defensorem,
556 1397 586 1442 et
607 1381 706 1443 subitd
719 1402 882 1445 conversus
893 1387 916 1444 it

81 1465 200 1523 obviem
216 1466 360 1524 hostibus.
403 1465 550 1530 Priorem,
564 1483 635 1523 cum
654 1463 717 1557 jem
735 1463 857 1541 prophis
868 1483 916 1528 es·

73 1557 138 1610 set,
152 1545 236 1604 hosts
249 1562 431 1620 percussum
446 1545 476 1604 vi
496 1547 605 1621 magni
619 1543 732 1622 dejicit.
764 1546 853 1603 Alter
863 1545 917 1622 qui

82 1635 205 1684 centurn
228 1624 351 1684 circiter
372 1642 480 1701 possus
504 1626 614 1690 eberat,
637 1626 780 1684 attonitus
802 1637 914 1701 stupeo

81 1712 148 1762 tum
166 1722 272 1763 arcum
287 1705 417 1782 sagitte
410 1703 536 1771 restruit,
560 1721 650 1781 quem
666 1707 696 1764 in
720 1705 916 1762 Robinsonem

79 1783 158 1875 jam
160 1782 299 1860 proxime
312 1785 544 1854 accedentem,
536 1797 695 1862 intorquet.
739 1784 794 1842 llis
809 1797 916 1861 pectus

79 1863 149 1956 ejus
151 1857 240 1934 ferit,
250 1865 303 1922 sed
313 1863 386 1922 eded
397 1865 504 1922 leviter
519 1868 629 1940 pellem
646 1867 706 1940 qus
717 1865 839 1922 indutus
852 1876 916 1924 eret

81 1944 202 2004 strinxit
223 1953 257 2002 ut
272 1963 383 2020 corpus
397 1943 477 2002 lerro
487 1953 568 2001 esset
579 1943 735 2002 intactum.
759 1944 842 2002 Tum
855 1947 916 2002 Ro·

81 2026 185 2080 hieron
211 2023 302 2099 priori
326 2023 453 2082 victorie
478 2021 574 2091 ferox.
599 2023 770 2081 vehementi
799 2026 916 2100 impetu

81 2103 191 2171 elatus,
212 2104 374 2162 barbarum
402 2103 575 2178 prostravit.
617 2101 735 2160 Deinde
763 2104 916 2164 hominem

81 2183 207 2256 respicit
223 2182 313 2262 cujus
330 2184 420 2240 ritem
438 2195 617 2249 serueueram
642 2183 689 2240 hic
705 2193 807 2241 autem
829 2184 915 2242 timo·

80 2281 148 2320 rem
162 2262 239 2320 inter
254 2277 282 2320 et
299 2281 384 2339 spem
400 2263 511 2320 dubius
526 2264 632 2318 eodem
647 2262 676 2319 in
691 2264 758 2320 loco
773 2265 917 2332 haerebet,
1025 2319 1026 2324 ,

78 2341 215 2400 incertus
227 2355 329 2401 utrum
346 2345 411 2402 haec
426 2342 526 2400 omnia
540 2359 604 2401 suae
620 2344 724 2401 salutis
739 2345 831 2402 causi
844 2361 915 2419 ege·
969 2405 980 2430 ·

80 2438 196 2480 rentur.
212 2441 248 2480 an
263 2422 317 2499 sibi
339 2421 441 2498 ignoti
455 2422 574 2480 victoris
589 2439 679 2480 manu
697 2422 773 2480 foret
793 2441 915 2499 quoque

79 2504 282 2578 pereundum.
324 2503 381 2560 llle
404 2515 506 2572 autem
528 2502 689 2562 barbarum
709 2503 745 2558 ed
770 2513 806 2560 se*
820 2515 916 2572 vocet,

79 2581 293 2659 significatque
317 2595 349 2640 ut
378 2580 501 2657 propitls
528 2585 660 2640 accedet.
716 2581 776 2640 Hic
808 2585 916 2659 paruit,

78 2681 154 2720 mox
181 2676 282 2720 eutem
311 2679 375 2736 prae
392 2673 473 2719 metu
490 2661 629 2730 constitiu
651 2672 681 2718 et
702 2679 780 2720 nunc
805 2668 915 2738 pedem

79 2741 206 2817 profert,
221 2761 298 2800 ntrnc
315 2742 446 2810 retrahit;
469 2739 655 2819 demumque
671 2741 747 2800 lente
763 2742 916 2818 progredi·

77 2835 139 2889 tur,
153 2839 211 2880 non
226 2823 288 2880 sine
304 2823 412 2897 magud
426 2819 642 2898 significatione
656 2821 787 2890 terroris,
802 2821 915 2898 suppli·

79 2901 187 2978 cisque
202 2903 313 2960 habitu.

73 3052 76 3057 .
121 2979 204 3038 Crini
221 2984 372 3038 Robinson
387 2981 549 3040 amicitiem
565 2999 650 3039 susm
666 2979 855 3038 omnimodo
865 2979 902 3037 de

78 3043 290 3143 messuisset,
299 3063 419 3120 taudem
431 3061 482 3122 ille
493 3063 619 3121 formem
629 3060 760 3138 ignotum
773 3057 859 3116 adire
