2068 3278
118 175 172 228 tae
349 187 509 228 aosrssorr
529 185 699 230 onusoans.

112 277 156 334 los
168 273 344 352 fugientium
361 275 463 334 rursds
474 278 640 334 coalescere
652 290 681 332 er
694 293 726 332 se
736 273 772 332 ad
787 269 936 332 deienaio·

110 373 179 415 nem
195 373 297 432 parare
313 357 441 414 vidisset.
485 357 587 432 ltaque
608 353 695 432 quaim
711 355 870 412 celerrime
890 353 934 410 al·

109 447 209 492 torum
224 437 391 508 scloprtum
405 435 517 509 arripit.
549 435 633 492 Idem
648 435 771 506 Friday,
784 435 934 508 amboque

110 531 199 571 suum
216 515 343 590 quisque
358 516 529 590 explodunt.
574 514 632 572 Hic
644 515 703 571 duo
713 511 828 571 tuntdm
842 530 935 570 occu·

110 593 238 650 buerunt
253 593 373 652 barbari.
417 593 558 651 Nonnulli
571 605 681 662 autern,
696 591 839 650 vulnerati
854 591 934 650 scili·

107 683 169 741 cet,
191 674 352 730 clamantes
366 685 453 748 atque
468 674 626 736 ululantes.
647 673 807 729 amentium
830 671 934 738 instar,

108 751 290 819 discurruot;
303 752 352 810 alii
367 752 490 820 cruenti,
504 751 551 809 olii
568 755 758 808 vehementer
772 751 846 809 laesi.
882 749 933 808 Ex

108 831 176 889 istis
191 849 246 887 non
261 831 354 888 multo
368 845 433 907 post
447 843 507 889 tres
521 831 609 890 etiam
625 831 813 888 semianimes
834 828 934 905 proci-

108 911 192 968 dunt.

149 990 301 1065 Agedum,
311 993 435 1061 Fridoy5
447 991 595 1046 Robinson
606 990 763 1055 exclamet,
773 989 843 1046 dum
854 987 933 1045 sclo-

111 1081 212 1144 petum
227 1069 328 1148 abjicit
338 1071 505 1144 explosum,
520 1081 552 1126 ut
566 1071 685 1126 tertium
700 1071 846 1142 repletum
859 1067 932 1126 arri·

112 1147 181 1223 piatr
196 1165 435 1223 prorumpamus.
468 1148 629 1216 Hisdictis‚
642 1147 719 1206 facto
730 1149 854 1224 impetu,
869 1166 933 1205 am·

110 1229 148 1284 bo
163 1231 190 1284 in
204 1243 345 1302 campum
360 1241 457 1294 ruunt,
480 1229 628 1282 Robinron
647 1245 706 1302 que
720 1229 755 1285 ed
778 1228 932 1302 captivum

111 1308 253 1382 provolat.
295 1305 376 1364 Dum
392 1319 491 1364 autem
508 1308 543 1364 ad
558 1307 643 1364 illum
665 1307 789 1374 accedit,
809 1307 935 1364 nonnul·
1018 1353 1019 1356 ,

111 1385 156 1443 los
169 1387 358 1442 barbarorum
379 1384 557 1462 fugientium
579 1386 782 1444 animadvertit
803 1387 933 1459 gradum

108 1464 217 1523 sistere
232 1478 320 1540 atque
335 1465 370 1522 ad
383 1483 512 1542 pugnarn
527 1483 559 1522 se
571 1483 749 1537 componere
791 1465 855 1522 lior
872 1467 932 1521 Ro·

108 1547 213 1600 binson
229 1545 309 1602 socio
321 1543 425 1603 innuit.
466 1544 649 1620 Quiquidcm
664 1545 748 1619 signo
765 1543 832 1621 ejus
846 1544 933 1602 intel·

110 1625 188 1680 lecto
203 1622 324 1698 propids
339 1625 476 1692 occessit,
491 1626 682 1700 sclopetoque
698 1629 822 1698 exploso
837 1641 932 1682 unum

110 1721 148 1758 cx
163 1702 222 1760 illis
238 1702 402 1776 prostravit.
444 1704 565 1760 Interim
582 1705 729 1758 Robinson
751 1706 848 1760 cultro
869 1703 933 1762 vin·

107 1782 176 1838 cula
190 1795 281 1849 secat,
302 1781 410 1858 quibus
431 1781 539 1856 captivi
562 1799 665 1838 manus
690 1783 839 1857 pedesque
862 1801 932 1840 con.

107 1860 202 1917 stricti
217 1872 307 1918 erant.
349 1860 436 1918 Tum'
452 1861 633 1918 Germanico
653 1878 788 1918 sermone
809 1861 931 1919 intorro-

107 1951 171 2016 gat‚
186 1940 322 2015 quisnam
337 1938 387 1996 ait?
427 1941 573 2015 Captivos
589 1939 685 1998 latinis
699 1940 796 1998 verbis
810 1957 933 2016 respon·

107 2019 158 2074 det
172 2037 205 2075 se
226 2018 418 2076 christianum
434 2031 464 2076 et
480 2020 646 2094 Hispanum
662 2036 736 2076 esse.
777 2021 866 2078 Tunc
888 2021 932 2080 illi

111 2097 260 2153 Robinson
275 2100 443 2173 sclopetum
459 2099 644 2156 manuarium
657 2100 848 2174 gladiumque
863 2117 933 2174 por·

108 2175 188 2251 rigln
203 2189 234 2234 ut
248 2177 430 2252 adpugnam
450 2177 643 2236 dirimendam
665 2177 730 2254 ipse
751 2178 862 2236 auxilio
883 2179 931 2238 sit.

110 2253 263 2329 Hispanus
284 2259 335 2315 vix
360 2259 524 2332 eclopetum
550 2257 742 2336 gladiumque
764 2267 933 2334 acceperat,

107 2331 178 2392 ctlm
193 2332 293 2392 lurore
316 2337 447 2410 percitus
462 2337 634 2412 bellumque
649 2355 808 2396 commune
830 2355 933 2396 recen-

13 2407 14 2430 i
108 2411 182 2470 tior'e
198 2414 242 2472 ira
251 2431 368 2490 gerens,
379 2413 408 2472 in
419 2417 555 2472 barbaros
566 2417 711 2488 impetum
724 2417 804 2484 iacit,
817 2428 846 2474 et
858 2418 931 2476 dum

13 2489 14 2540 l
109 2491 212 2550 caeteri
235 2495 270 2550 ad
286 2496 411 2569 scaphas
433 2511 466 2550 se
486 2494 643 2568 recipiunt,
665 2498 819 2554 nonnullos
841 2515 931 2554 cunc-

13 2577 14 2582 ’
106 2581 204 2627 tontes
214 2572 311 2630 caedit.
332 2573 459 2648 Jamque
471 2573 513 2630 illi
527 2574 599 2630 velis
612 2575 762 2650 remisque
777 2573 929 2650 aufugere.

148 2650 261 2722 Frldoy
286 2649 497 2727 Hispanosque
522 2671 611 2710 unam
634 2652 652 2711 ὲ
675 2653 793 2729 scaphio
818 2655 931 2724 relictis

106 2728 306 2786 conscendere
328 2740 458 2787 statuunt
480 2743 512 2789 ut
534 2732 682 2808 fugientes
705 2746 930 2809 persequantur.

108 2805 258 2862 Robinson
273 2817 373 2864 cutem
394 2807 478 2866 cossi
500 2812 622 2870 consilio
635 2811 748 2880 avertit,
769 2813 814 2870 his
835 2813 931 2872 dictis:

109 2881 237 2942 Abunde
251 2897 307 2948 eet.
320 2883 418 2942 amici!
441 2889 592 2962 sanguinis
606 2877 727 2950 humani
747 2891 817 2949 satin
832 2891 931 2967 profu·

117 2957 217 3030 '²nus‚
238 2963 307 3038 plus
329 2961 452 3025 sonasse
473 2966 564 3044 quim
584 2969 628 3028 fas
643 2983 714 3030 erat.
755 2971 869 3030 Caeteri
890 2972 932 3034 vi·
