2068 3278
261 253 276 264 ,
302 214 456 259 sosrusort
471 213 661 261 consonus,
844 202 899 258 tor

43 361 46 367 .
69 305 156 383 long&
172 309 284 378 aberat,
295 317 329 366 ut
349 307 420 368 nihil
446 305 575 384 amplitls
597 317 770 382 superesset
782 308 906 370 dubitas

69 389 163 448 tionis.
204 387 288 446 Tum
315 387 367 446 ille
383 389 524 446 anhelans
546 389 583 446 ad
603 405 706 446 arcem
729 406 899 460 recurrere,
922 415 925 420 ·

68 488 171 533 arcum
185 469 329 544 arripere,
349 469 491 544 socioque
505 469 728 542 obstupescenti
745 470 815 526 nihil
833 489 899 544 pro·

67 549 144 608 ferre
161 561 283 626 praetert
305 552 370 608 baec
387 553 488 606 verba:
504 567 540 606 cn
556 547 673 620 adsunt!
707 547 790 606 Tum
806 547 898 625 quaint

8 651 9 704 f
67 630 297 694 velocissimbse
314 628 449 704 proripit.

8 707 9 710 ’
105 711 222 780 Fridoy
235 707 390 766 dominum
406 710 484 766 tantb
498 707 587 765 animi
601 709 821 783 perturbatione
838 722 897 770 tre·

66 788 330 868 pidantemgatque
346 791 436 846 verba
450 789 589 864 quaedam
605 791 731 864 abrupta
745 791 898 864 proferen-

64 879 127 926 tem
144 869 256 936 videns,
278 870 419 926 barbaros
433 864 536 926 aldesse
553 869 746 926 existimavit.
792 873 897 948 ltaque

63 947 116 1007 ille
128 965 250 1026 quoque
270 950 363 1006 armis
378 948 526 1024 correptis
540 949 646 1008 eadem
667 949 820 1008 celeritate
838 955 897 1008 Ro·

64 1031 214 1086 binsonem
231 1040 356 1104 secutus
371 1039 426 1086 est.

103 1107 234 1186 Jamque
258 1107 303 1186 illi
330 1109 460 1166 duorum
475 1105 649 1166 milliarium
672 1109 750 1167 riam
773 1129 897 1186 percur·
991 1182 995 1188 .

63 1201 173 1256 terant,
204 1185 381 1266 priusquam
412 1185 449 1256 eb
477 1190 682 1263 pervenissent
708 1191 786 1246 unde
814 1193 897 1252 navis

62 1269 197 1346 conspici
213 1281 325 1346 posset.
362 1269 513 1324 Robinson
527 1265 544 1324 ὲ
559 1267 721 1346 longinquo
732 1289 798 1328 earn
815 1271 896 1331 socio
971 1261 973 1268 ¹

61 1348 202 1418 ostendit3
244 1367 335 1424 quant
370 1349 421 1406 ille
457 1345 643 1424 magnopere}
677 1351 804 1414 miratus
840 1365 895 1410 est.

62 1428 244 1506 Quanquam
257 1429 336 1486 eninr
351 1429 435 1486 navis
450 1441 521 1486 satts
536 1425 623 1503 longi
637 1429 773 1498 distabat,
788 1433 893 1490 intelli·

61 1511 149 1584 gebat
167 1522 267 1568 tamen
289 1527 358 1576 earn
371 1509 485 1566 centies
500 1525 643 1584 superare
666 1511 712 1566 vel
730 1509 894 1572 maximam

59 1605 168 1646 navent
183 1607 276 1666 quam
288 1592 350 1648 ltuc
366 1607 467 1665 usque
484 1587 615 1647 vidisset.
657 1589 808 1646 Robinson
832 1609 894 1668 prae

59 1669 165 1728 laerttta
180 1671 253 1728 urire
267 1669 497 1746 gestiens‚nunc
507 1671 656 1736 exultare,
666 1688 744 1728 nunc
754 1670 895 1748 jubilare,

8 1749 26 1762 ''
58 1767 139 1808 nunc
153 1750 271 1808 socium
286 1751 439 1825 amplecti,
458 1765 591 1825 eumque
610 1749 777 1826 lacrymans
796 1753 895 1810 obtes-

8 1839 12 1846 '
58 1830 116 1888 tari
129 1840 162 1887 ut
178 1841 208 1887 et
232 1829 298 1905 ipso
323 1832 452 1908 latetur.
492 1829 560 1888 lam
592 1829 708 1887 iicetin
739 1830 894 1907 Europam

57 1913 194 1978 tendere,
212 1909 277 1988 jam
291 1909 516 1986 Hamburgum.
560 1905 626 1968 lllic
639 1909 690 1968 tibi
705 1929 829 1986 cernere
844 1915 893 1970 da·

55 1989 142 2047 bitur
165 1989 287 2066 qualern
317 1991 408 2048 vitam
436 1993 464 2048 iu
493 1993 548 2048 hbc
574 1991 646 2046 urbe
670 1990 779 2059 virent,
802 1989 894 2068 quam

55 2067 238 2145 magnificas
260 2071 343 2128 aedes
364 2083 514 2138 extruant,
535 2069 653 2146 (putantis
669 2071 735 2129 titae
760 2090 894 2130 commu·

53 2147 202 2208 ditatibus
221 2147 518 2228 jucunditatibnsque
543 2149 642 2206 securi
659 2149 802 2208 fruantur.
846 2153 907 2210 ln·-

52 2229 203 2288 credibile
234 2233 393 2288 verborum
421 2229 534 2288 flumen
561 2227 701 2288 tundebat
731 2233 892 2288 Robinson.

26 2327 28 2330 ·
51 2309 193 2368 Instabat
205 2307 276 2368 verul
288 2311 423 2387 qublibet
438 2311 549 2368 ratione
566 2309 686 2366 efficere
699 2309 731 2370 u't
743 2313 779 2368 ab
793 2311 829 2367 iis
840 2310 894 2386 qui

49 2391 82 2450 in
98 2391 170 2448 navi
180 2389 648 2466 erantu'pseanimadverteretur.
665 2389 805 2462 Quisnam
819 2388 891 2448 verb

50 2471 172 2532 ratione
188 2472 326 2528 nonsatis
341 2473 502 2529 constabat.
528 2541 530 2550 Ι

94 2547 236 2610 Primtinr
252 2551 311 2607 alta
327 2569 399 2608 voce
421 2549 570 2617 clamavit,
592 2551 644 2608 sed
665 2547 785 2626 frustrat
800 2569 893 2626 quan·

47 2649 149 2711 quarn
161 2643 268 2688 uentus
283 2641 350 2706 post
363 2631 526 2706 procellam
541 2639 674 2688 mutatus
685 2631 721 2687 ab
737 2630 834 2690 insulis
845 2651 894 2688 na·

48 2731 124 2770 rem
148 2707 252 2768 roratis
276 2711 417 2786 spirabat.
459 2711 565 2788 ltaque
590 2711 706 2768 socium
727 2709 818 2786 quaint
843 2729 892 2768 ce·

45 2788 179 2852 lerrime
200 2791 302 2866 ignem
316 2793 483 2849 accendere
502 2791 588 2869 jubet
602 2807 693 2866 quem
710 2787 726 2851 ὲ
742 2791 808 2848 navi
823 2809 891 2848 cou-

46 2873 235 2949 spicerent..
259 2871 328 2930 Hoc
349 2871 490 2928 celeriter
515 2883 645 2943 peracto,
666 2869 787 2928 flamma
809 2864 892 2928 brevi

44 2952 242 3012 altitudinem
259 2955 398 3010 arborum
414 2952 552 3028 aequavit.
582 2951 718 3008 interim
738 2951 890 3004 Robinson

39 3035 157 3092 oculos
172 3032 201 3090 in
216 3030 421 3110 naredefigit,
433 3039 598 3108 expectant
612 3035 686 3092 dum
697 3029 865 3104 scaplraim'
