2068 3278
103 169 142 220 96
341 173 501 218 apaturos
522 173 693 218 causacum.

103 282 135 330 et
148 267 229 328 varia
242 265 400 346 objiceret,
415 276 561 324 statutum
586 278 632 324 est
647 265 790 342 proximo
806 266 855 326 die
875 266 937 326 iter

103 368 219 428 parare,
233 359 262 406 et
274 347 325 406 ubi
339 343 472 423 primtltn
487 358 596 404 ventus
611 347 767 421 aspiraret,
782 352 849 406 vola
863 349 936 406 (lare

104 429 233 505 Deoquc
248 427 365 487 lavente
378 427 451 485 illuc
466 427 587 484 tendere
602 425 653 484 ubi
667 429 782 500 Friday
797 429 939 503 sperabat

103 528 136 569 se
150 509 321 586 proximam
336 506 512 566 continentis
525 523 609 564 oram
618 507 819 567 inventurum.

197 828 345 888 CAPUT
368 825 626 888 VIGESIMUM
650 825 840 888 PRIMUM.

82 977 84 986 Ι
105 991 258 1052 Robinson
272 1003 300 1045 et
316 989 433 1064 Friday,
446 990 543 1053 incula
552 990 663 1056 relicto,
677 994 750 1043 mort
761 1007 792 1044 ae
806 997 939 1048 commit·

152 1073 392 1128 tuna—Summa
400 1071 540 1158 [pericula
555 1074 585 1122 in
601 1070 708 1139 quibua
721 1084 900 1128 vereantur.

145 1232 320 1298 Roarnson,
341 1245 410 1286 arce
431 1228 544 1296 relicta,
566 1228 595 1286 in
625 1228 744 1285 tumulo
760 1227 939 1286 imminente
1022 1243 1023 1246 ’

105 1312 221 1379 restitit,
235 1327 341 1366 secum
363 1309 516 1383 paulisper
535 1308 745 1376 meditaturus,
757 1307 939 1384 sociumque

104 1392 214 1469 praeire
234 1389 332 1468 jussit.
375 1389 458 1446 'l'um
481 1389 550 1446 vitae
572 1387 713 1445 solitariae
735 1387 784 1444 hic
800 1399 877 1446 actae
895 1389 940 1446 vi·
1022 1407 1023 1412 ¹

105 1471 294 1530 cissitudines
317 1480 418 1528 mente
440 1468 550 1544 repetit
573 1487 608 1524 ac
629 1467 803 1525 recordatus
826 1481 938 1543 quanta

106 1553 275 1628 accepisset
303 1549 485 1625 alsuprerno
517 1549 638 1605 numine
668 1545 823 1615 beneficia,
844 1550 941 1623 lacry-
1022 1547 1023 1578 l

105 1650 169 1690 mas
186 1631 263 1706 grati
284 1629 375 1688 animi
396 1629 509 1686 indices
523 1627 658 1696 effundit,
672 1625 871 1703 manibusque
886 1647 943 1688 ex·
1020 1627 1021 1634 '

104 1711 214 1788 pansis,
241 1728 280 1768 ex
309 1709 412 1767 intimo
433 1720 555 1786 pectore
583 1709 704 1765 summa
725 1725 797 1766 cum
826 1707 941 1782 pietate

106 1791 176 1850 Deo
190 1791 302 1866 gratias
316 1789 387 1866 agit.
574 1845 579 1856 ,

78 1875 83 1890 ’
146 1873 229 1930 Tum
255 1871 409 1946 regionem
436 1869 530 1935 illam,
557 1865 594 1926 eo
616 1867 671 1926 sibi
694 1867 841 1926 cariorem
856 1865 941 1944 quod
1021 1925 1022 1934 ,

105 1971 173 2012 eam
189 1969 261 2010 mox
276 1951 437 2008 relicturus
451 1961 524 2016 erat,
544 1947 640 2006 oculis
662 1948 867 2022 perlustravit,
888 1951 943 2006 ho·
1021 2003 1022 2022 ,

105 2032 195 2090 minis
209 2033 301 2090 instar
315 2031 367 2106 qui
382 2031 507 2104 patriam
523 2029 630 2103 linquit
644 2029 725 2085 nulla
739 2047 810 2085 curn
835 2047 890 2104 spe
906 2030 944 2086 il·
1021 2039 1022 2080 t

106 2113 165 2170 lius
176 2109 306 2187 unquam
317 2110 493 2168 revisendae.
509 2110 600 2167 Oculi
611 2108 712 2166 tristes
723 2110 943 2184 madentesque

106 2194 135 2252 in
147 2194 252 2250 arbore
267 2191 373 2267 quavis
388 2190 478 2268 cujus
493 2192 600 2250 umbra
616 2191 686 2248 olirn
703 2201 856 2246 recreatos
872 2187 941 2246 lue·

107 2284 161 2342 rat,
179 2273 309 2346 inopere
325 2273 458 2346 quolibet
472 2272 551 2346 quod
568 2269 699 2344 propriis
713 2267 848 2325 manibus
861 2270 944 2326 mul·
1008 2281 1010 2284 ·

107 2363 197 2428 toque
214 2353 323 2410 sudore
336 2351 514 2419 confecerat,
527 2349 620 2408 delixi
638 2353 759 2407 haerent.
801 2350 850 2406 Ab
866 2349 943 2408 ami·
1019 2351 1021 2408 l

107 2433 153 2490 cis
165 2432 298 2510 disjungi
309 2431 364 2488 sibi
377 2433 503 2489 videtur.
534 2430 615 2488 Ctlnr
626 2427 699 2487 vcro
714 2429 833 2486 tandem
845 2430 944 2488 larnas

107 2512 252 2570 adimam
275 2525 407 2570 montem
423 2522 581 2586 pascentes
595 2508 815 2585 conspexisset,
829 2507 944 2566 faciem

107 2593 215 2649 avertit
240 2610 276 2646 ne
291 2591 517 2648 carissimorum
533 2590 589 2648 sibi
604 2588 797 2648 animantium
812 2603 944 2664 aspectu

106 2671 173 2747 ipse
187 2668 204 2726 a
219 2671 370 2744 proposito
384 2671 507 2728 consilio
519 2683 705 2729 avocaretur.

148 2751 283 2806 Tandem
309 2749 379 2805 vicit
406 2751 561 2808 caritatem
590 2749 681 2808 animi
705 2748 879 2818 constantim
904 2749 947 2806 ad

106 2825 307 2886 fortitudinem
330 2845 363 2884 se
383 2827 450 2902 ipse
471 2829 604 2899 exacuit,
617 2829 756 2904 ulnisque
782 2831 818 2886 ad
839 2829 945 2906 regio·

106 2926 177 2966 nem
205 2917 317 2974 totam,
335 2907 428 2965 veluti
459 2925 526 2966 earn
554 2911 764 2984 amplexuros,
788 2910 945 2984 expansis,

107 2987 473 3048 claravocaexetamavta
494 2988 847 3052 Valeteocalanritatum
857 3007 944 3055 mea-
