2048 3288
126 204 164 256 40
361 213 520 254 auarusos
543 209 714 255 eaumsus.

338 383 485 442 CAPUT
507 380 741 441 OCTAVUM.

210 543 305 601 Lama
315 541 766 615 mansuefactc.-Pulll.-1lea
780 516 886 601 valle·

162 702 308 774 Posraao,
318 704 366 760 die
384 705 532 780 Robinscn
546 699 645 777 primi.
660 702 728 758 luce
744 701 886 770 surrexit,
907 711 950 762 at·

123 800 182 858 que
205 786 240 840 atl
256 784 421 841 venandum
438 801 469 840 se
484 780 625 838 accinxit.
666 780 843 854 Assumptis
857 782 951 856 igitur

120 864 276 920 tuberibus
292 865 461 920 solariorum
477 863 589 928 assatis,
612 859 777 936 idoneoque
793 860 950 921 testudinis

120 939 216 999 frusto
238 941 316 999 loliis
335 943 476 1010 involuto,
498 941 599 999 securi
617 941 782 998 instructus
796 954 825 998 et
840 941 950 1018 laqueo

120 1040 211 1098 quem
228 1020 322 1097 pridie
336 1024 371 1079 ad
387 1025 481 1079 lamas
498 1019 860 1087 irretieudasconlecerat‚
882 1039 949 1080 um·

119 1102 291 1178 bellamque
307 1121 395 1161 mauu
411 1119 513 1158 tenens
526 1100 555 1158 in
571 1101 649 1158 uiam
664 1118 697 1161 se
712 1101 846 1158 contulit.

160 1181 321 1240 Summum
336 1185 433 1240 adbuc
453 1199 538 1238 mane
560 1193 631 1238 erat
672 1179 833 1240 Constituit
854 1179 949 1257 igitur

119 1257 276 1338 paululum
299 1259 316 1318 d
340 1264 422 1318 recti
444 1262 490 1319 vid
511 1259 672 1318 deflectere
688 1271 721 1318 ut
734 1261 808 1318 alias
824 1279 947 1338 quoque

117 1341 225 1400 insulae
245 1353 343 1415 partes
357 1342 535 1416 exploraret.
580 1341 756 1398 Innumeras
771 1341 849 1398 inter
863 1343 946 1402 volu·

117 1439 192 1484 cres¹
223 1439 293 1496 quae
319 1422 474 1480 arboribus
493 1420 667 1484 insidebant.
696 1419 838 1494 psittacos
861 1421 947 1481 miris
1009 1485 1010 1492 χ

117 1501 266 1559 coloribus
281 1502 378 1575 pictos
389 1501 543 1577 conspicit.
586 1501 627 1559 Ur
648 1499 700 1557 ille
714 1501 835 1576 optabat
851 1519 946 1560 unum
1009 1541 1010 1548 κ

116 1599 154 1638 ex
168 1583 204 1638 iis
221 1599 340 1655 capere,
353 1600 444 1656 quem
457 1593 644 1640 mansuetum
657 1595 746 1658 atque
758 1580 874 1654 socium
890 1581 947 1640 sibi

112 1659 236 1718 faceret!
270 1662 375 1718 Adulti
396 1659 468 1720 rerd
490 1661 658 1720 callidiores
678 1671 762 1718 erant
785 1657 878 1736 quim
893 1661 946 1737 qui

115 1753 304 1814 caperentur;
316 1742 467 1816 pullorum
476 1755 576 1801 auteur
588 1742 690 1800 nidum
699 1737 945 1816 nusqutirn-vidit.
1008 1791 1009 1810 ,

155 1817 234 1878 Ctlm
257 1833 356 1876 autern
387 1821 495 1877 collem
519 1822 680 1897 quemdam
703 1821 779 1879 mari
810 1820 944 1879 vicinum

113 1899 305 1966 ascendisset,
334 1897 478 1975 conjectis
502 1899 569 1958 inde
592 1899 688 1958 oculis
714 1901 791 1958 inter
819 1900 943 1973 rupium

88 2048 89 2057 ἵ
114 1978 222 2046 hiatus,
248 1978 358 2053 aliquid
385 1979 542 2054 conspexit
568 1980 646 2056 quod
676 1979 791 2054 placuit
819 1977 944 2054 propitls

113 2075 246 2116 cernere.
289 2057 452 2116 llescendit
465 2060 558 2135 igitur
574 2069 603 2115 et
619 2061 729 2134 magud
750 2077 820 2116 cum
838 2062 944 2134 volup·

112 2146 171 2196 tate
201 2139 406 2195 animadvertit
432 2139 596 2196 esse....sal.
638 2139 793 2196 Hactenus
816 2139 942 2214 quidem

13 2229 15 2266 l
111 2233 166 2292 pro
181 2219 368 2274 condimento
384 2218 557 2276 adhibuerat
575 2235 683 2294 aquarn
699 2218 856 2282 marinam,
870 2237 941 2294 quae

62 2317 65 2323 ’
110 2307 210 2355 tamen
229 2297 425 2354 commoditas
447 2299 517 2355 salis
537 2297 736 2372 praestantiam
759 2317 815 2354 non
839 2315 942 2373 aequa-

110 2377 167 2434 bat.
212 2381 311 2454 Aquae
334 2377 411 2433 enim
436 2377 559 2436 marinae
586 2387 678 2452 sapor
697 2378 784 2433 habet
807 2376 941 2438 multum

111 2457 324 2517 amaritudinis.
367 2455 497 2528 1Τειηονὲ
512 2475 631 2533 quoque
645 2457 696 2514 ille
708 2470 862 2532 putaverat
875 2475 940 2515 car-

109 2553 177 2593 nem
193 2539 270 2612 aqua
281 2537 393 2594 marini
407 2537 555 2594 conditam
568 2553 669 2594 sanam
681 2549 769 2610 atque
783 2537 939 2614 incorrup-

108 2624 168 2672 tam
186 2634 296 2672 servart
314 2634 412 2689 posse,
427 2615 451 2671 si
465 2617 587 2690 quidem
610 2635 665 2674 non
680 2614 778 2672 nunus
790 2617 940 2690 putrescit

109 2692 199 2770 quarn
228 2713 303 2771 aqua
318 2699 333 2752 ἐ
351 2695 450 2752 fluviis
473 2708 522 2751 aut
546 2694 673 2753 sontibus
696 2699 808 2760 hausta,
823 2695 873 2751 ubi
887 2695 938 2752 illa

107 2788 191 2832 motu
214 2788 304 2832 caret.
348 2770 443 2830 Valdd
466 2772 559 2848 igitur
587 2774 615 2831 ei
638 2772 750 2848 proluit
772 2775 936 2850 genuinum

107 2857 151 2910 sal
169 2855 216 2912 lric
232 2863 397 2928 repertutm
421 2853 520 2928 itaque
535 2855 637 2910 ambas
646 2856 696 2910 ille
710 2871 797 2926 peras
807 2872 843 2912 eo
853 2871 936 2912 com·
1004 2877 1005 2900 t

107 2935 212 3007 plcvlt,
223 2934 303 3010 quod
318 2934 418 2990 statim
431 2931 557 2991 domum
571 2934 750 3009 deportaret.
