2048 3288
325 227 476 270 nosrusort
497 227 671 268 causostis.
877 217 914 270 49

84 333 229 393 mamque
254 319 350 379 camis
372 331 488 394 partem
510 314 601 395 suprd
621 318 723 376 focum
750 317 916 394 suspendit,

82 415 153 473 quae
169 396 252 454 fumo
266 399 439 456 siccaretur.

122 477 190 536 lam
213 478 303 554 igitur
324 497 380 536 non
402 480 648 536 contemnendam
672 479 789 554 copiam
814 480 912 540 carnis

80 557 138 616 sibi
153 571 317 632 paraverat.
359 557 562 616 Nihilominds
576 571 675 616 tamen
690 563 803 617 veritus
817 573 912 619 estne

19 629 22 638 Δ
80 641 137 696 sub
153 637 244 695 finem
258 639 374 706 hiemis,
386 639 411 697 si
422 639 497 698 iortd
512 639 646 716 asperior
656 638 756 698 lutura
771 653 911 700 essetaut

80 717 209 796 longior,
235 721 336 794 inopia
357 717 491 776 ciborum
520 719 585 794 ipse
608 721 764 777 laboraret.
807 721 912 798 Itaque

78 799 236 857 nonrrullos
247 800 337 856 etiam
352 800 463 857 Lamas
477 817 585 874 capere
600 800 722 876 optavit.
766 801 815 858 llli
831 800 913 873 verb,

78 879 194 940 insidiis
219 879 346 939 hominis
371 881 508 956 cognitis,
531 898 638 937 cavere
660 880 716 938 sibi
738 881 911 942 didicerant.

79 961 177 1018 Novis
190 961 284 1038 igitur
298 959 445 1018 utendum
464 959 519 1016 suit
534 961 647 1017 artibus
658 963 767 1036 quibus
778 961 846 1018 illos
857 979 912 1020 ex·

79 1041 205 1117 ciperet.
247 1039 359 1118 Neque
382 1044 438 1098 hoc
463 1041 492 1096 ei
513 1057 569 1096 non
587 1041 744 1108 successit;
765 1053 844 1099 tanta
867 1041 910 1100 in-

79 1119 161 1198 genii
174 1121 296 1180 humani
310 1121 355 1178 ris
364 1131 432 1178 esse
445 1122 522 1178 solet
532 1121 567 1176 ad
578 1119 810 1197 excogitandum
825 1121 911 1197 quid-

79 1201 152 1279 quid
178 1203 257 1260 valet
280 1201 317 1258 ad
332 1201 501 1258 necessaria
522 1199 577 1258 sibi
594 1200 803 1276 comparanda!
838 1201 911 1259 Ani·

78 1283 280 1340 madverterat
291 1279 434 1339 nimirdm
451 1281 570 1350 Laruas,
585 1280 704 1358 quoties
719 1299 789 1338 eum
802 1282 838 1338 ad
847 1279 911 1340 fon-

78 1371 141 1419 tem
153 1361 390 1438 conspexissent,
411 1379 534 1434 semper
554 1358 714 1418 celerrimd
732 1361 911 1436 percellent

80 1444 241 1518 quemdam
269 1443 306 1500 ad
333 1443 454 1500 arbusta
478 1457 650 1518 properare.
692 1441 796 1520 Hujus
824 1443 911 1500 collis

81 1537 152 1598 pars
167 1523 260 1580 altera
269 1523 401 1580 dumetis
416 1522 523 1588 cincta;
545 1523 638 1578 altera
646 1533 747 1595 autem
759 1532 911 1596 praerupta

78 1603 207 1660 duarum
220 1601 435 1661 fere'rrloarum
447 1600 612 1670 altitudine,
637 1599 714 1660 uude
728 1602 816 1660 lamae
833 1604 911 1662 saltu

78 1699 110 1740 se
124 1682 260 1762 dejicere
275 1685 415 1741 solebant.

119 1763 231 1821 Statuit
252 1763 346 1840 igitur
371 1762 489 1822 lorcam
511 1762 602 1820 altam
623 1779 661 1820 eo
681 1764 749 1820 loco
763 1759 864 1820 fodere
878 1762 908 1822 in
960 1782 962 1788 ·

77 1845 236 1920 qualamae
246 1846 377 1920 desuper
389 1841 772 1920 prosilientescaperentur.
793 1843 910 1901 Labore

78 1941 201 2001 quoque
210 1921 563 2000 indelessointralpaucos
573 1921 637 1980 dies
646 1939 758 1981 novum
767 1923 910 1997 hocopus

77 2003 251 2062 confectum
279 2015 335 2063 est.
396 2002 480 2062 Tdm
510 2001 628 2060 foveam
659 2002 797 2082 virgultis
824 2001 908 2060 texit.

78 2083 206 2143 Postera
218 2097 320 2142 autem
342 2083 391 2142 die
411 2079 594 2160 magnaper&
614 2084 733 2142 laetatus
760 2091 816 2150 est,
837 2079 910 2140 cum

78 2163 139 2222 duo
153 2163 223 2243 eJus
238 2164 358 2240 generis
376 2159 514 2221 animalia
537 2161 566 2218 in
588 2179 656 2220 eam
680 2161 828 2221 desiliisse
848 2163 910 2220 ani·

75 2243 247 2302 madvertit.
288 2245 408 2318 Quibus
430 2243 535 2318 captis,
556 2251 667 2300 tantam
689 2241 792 2300 babuit
812 2240 910 2300 camis

76 2325 209 2400 copiam,
229 2335 339 2401 quanta
367 2341 422 2400 per
439 2320 578 2380 'hiemem
606 2339 698 2398 quam
718 2323 809 2400 longa
821 2320 909 2392 foret,

74 2403 194 2462 abunde
222 2406 382 2464 sufficeret.
424 2401 517 2470 Tum,
541 2411 575 2458 ut
602 2414 710 2460 cuncta
739 2402 910 2478 provideret

76 2481 182 2544 contra
196 2485 327 2542 hiemem
342 2501 433 2560 quam
451 2483 562 2540 instare
576 2485 708 2557 putabat,
721 2481 836 2541 ioenum
852 2481 909 2540 La·

75 2563 136 2622 mis
157 2565 335 2639 parandum,
355 2565 437 2642 ligna
459 2563 496 2621 ad
517 2563 620 2636 ignem
643 2561 804 2622 fovendum·
825 2562 909 2620 colli·
932 2565 940 2578 '

76 2645 187 2722 gendo,
198 2647 367 2703 solatiorum
386 2645 493 2702 tubera
507 2641 684 2712 effodienda,
697 2646 863 2720 eademque
878 2643 908 2700 in

76 2727 155 2784 cella
165 2726 318 2782 condenda
332 2734 425 2782 erant.
466 2721 494 2780 E
508 2720 588 2779 foeno
602 2721 693 2801 cujus
703 2741 843 2800 magnam
858 2740 909 2780 co-

76 2805 159 2880 piam
180 2807 355 2882 collegerat‚
378 2819 522 2862 acervum
544 2802 666 2871 struxit,
686 2805 806 2879 qualem
828 2799 909 2874 agri·

76 2887 153 2944 colae
174 2887 268 2944 nostri
283 2897 400 2942 struere
414 2884 519 2940 solent.
560 2881 689 2954 Quoties
701 2879 775 2939 verb
793 2877 909 2938 itanum

77 2965 215 3032 addebat,
235 2963 310 3022 illud
330 2965 370 3022 ita
391 2962 519 3038 pedibus
539 2961 695 3038 impressis
715 2957 910 3016 conculcabat

76 3056 109 3103 ut
124 3045 205 3104 haud
225 3041 313 3102 facile
329 3043 433 3120 pluria
452 3052 555 3118 posset
566 3037 695 3098 interlui.
735 3037 860 3112 insuper

481 3135 504 3180 ι
