2068 3278
308 199 460 244 noutnson
481 201 650 246 consonus.
849 194 901 248 tst

85 306 143 352 tur.
184 291 270 350 Absit
285 291 353 350 verri
370 306 402 350 ut
411 313 469 368 ego
482 295 528 354 ltie
542 295 624 352 bonis
638 293 793 372 tranquillo
805 294 903 354 aninlo

85 385 115 430 et
134 372 234 447 quieto
245 370 335 440 fruar,
349 371 478 448 qnanditi
491 373 666 431 intellexero
687 392 751 432 esse
766 376 839 432 alios
852 380 903 434 lto·

85 457 181 508 mines
196 449 257 524 qui,
271 449 341 506 edm
363 449 381 511 ri
396 454 498 527 naturd
514 453 565 530 jus
580 471 699 528 aequum
714 453 773 510 illis
787 453 903 512 fruendi

7 527 8 538 ¹
85 533 264 604 acceperint,
279 531 374 602 inopi&
390 544 487 588 tamen
507 542 537 588 et
558 531 676 588 miserie
690 533 903 609 opprimentur.

19 627 22 638 ’
86 611 148 668 Hic
168 614 271 684 loquor
293 610 330 664 de
352 609 542 686 popularibus
563 612 632 679 tuis,
652 613 671 668 d
691 629 797 678 tunice,
811 631 903 687 quem

7 747 9 752 ,
87 689 159 746 milti
176 687 343 744 communis
367 691 402 759 ab
424 687 546 762 Europe
559 690 645 764 origo
660 687 781 764 propitle
794 689 904 768 jungit,

17 813 19 818 .
86 771 122 824 de
147 767 286 842 Hispanis
307 767 420 824 scilicet
440 767 493 842 qui
519 769 710 826 barbarorum
726 783 793 826 sunt
807 772 903 827 edltuc

85 848 115 905 in
138 859 290 921 potestate.
334 846 437 920 ltaque
459 849 514 904 hoc
535 843 554 904 d
577 848 661 904 robis
686 859 755 921 peto
774 854 903 906 utsuam

86 930 213 1004 quisque
229 923 401 980 sententiam
412 923 490 984 dicat
513 927 701 1002 declaretque
716 930 775 1002 quit
789 927 904 1002 potissi·

86 1009 169 1064 entim
196 1004 305 1062 ratione
320 1021 370 1058 eos
384 1005 412 1060 in
428 1005 597 1074 societatem
613 1003 703 1082 liujus
718 1019 823 1064 nostrae
836 1023 904 1064 con-

86 1085 204 1142 ditionis
217 1083 420 1140 adsciscamus
432 1081 451 1109 '³
609 1139 612 1142 .

127 1165 204 1222 Haec
219 1162 305 1220 latus.
320 1179 563 1238 unumquemque
586 1164 757 1222 sententiam
774 1164 904 1240 prolerre

84 1241 179 1320 jubet.
222 1241 371 1314 Hispanus
395 1259 426 1296 se
445 1245 490 1296 v'el
505 1261 597 1300 unum
612 1260 673 1308 eos,
693 1243 722 1300 in
747 1245 904 1318 scapltdde

85 1323 219 1378 hostibus
233 1321 329 1394 ca'ptti,
347 1321 542 1380 adducturum
567 1322 731 1394 pollicetur.
772 1325 905 1402 Domini·

86 1418 139 1457 cuo
162 1399 316 1474 profitetur
342 1417 373 1454 se
396 1400 473 1455 idem
495 1399 592 1463 secere
609 1405 753 1474 paratum.
794 1404 904 1470 Fridoy

84 1495 186 1536 autern
199 1487 300 1535 censet
314 1475 405 1546 satiris
419 1494 485 1534 esse
503 1493 613 1552 patrem
627 1497 714 1536 suurn
731 1499 830 1535 senem
844 1499 904 1536 rna·

7 1573 8 1576 ’
83 1576 168 1624 nere,
181 1569 321 1632 optetque
338 1569 368 1612 ut
383 1556 437 1612 eibi
460 1557 545 1612 liceat
562 1558 694 1630 Hispano
707 1577 772 1614 sese
788 1559 904 1614 addere.

85 1638 168 1694 Tum
183 1637 278 1692 nobile
293 1645 407 1709 patrem
423 1635 497 1692 inter
519 1648 547 1692 et
569 1636 662 1693 fitium
677 1635 731 1693 luit
746 1651 905 1705 certamen,

85 1717 142 1772 utri
156 1713 341 1790 potissimum
357 1717 539 1787 contingeret
555 1717 623 1773 ritae
636 1716 801 1788 periculum
813 1719 917 1776 adire„

85 1795 192 1870 ltaque
209 1795 358 1848 Robinson
373 1807 493 1850 coactus
508 1809 563 1860 est,
575 1799 610 1850 ad
623 1812 684 1850 rem
701 1795 906 1864 dirimendam,

86 1875 261 1941 sementiam
287 1872 350 1946 ipse
373 1891 456 1930 suam
470 1874 579 1940 dicere,
594 1875 642 1930 cui
664 1891 766 1930 onmes
779 1875 840 1930 laeti
854 1876 905 1930 ob·

84 1963 338 2026 temperaverunt.
392 1952 468 2010 llaec
496 1967 568 2016 erat,
593 1965 624 2008 ut
653 1951 805 2024 Hispanus
834 1971 905 2010 cum

85 2033 242 2088 Dominicn
268 2028 517 2104 proficisceretur,
539 2032 648 2100 Fridoy
665 2043 763 2088 autern
780 2035 856 2104 apud
872 2047 904 2088 se

34 2174 37 2180 ,
83 2121 260 2166 remaneret.
304 2107 426 2166 Addidit
441 2107 521 2176 verd,
535 2106 708 2184 priusqueitn
725 2112 812 2166 ambo
822 2111 864 2167 illi
877 2111 905 2168 in

84 2189 164 2244 viam
179 2205 210 2244 se
223 2187 398 2250 conferrent,
413 2191 609 2246 necesse'esee
627 2203 667 2254 ιιι,
681 2199 762 2244 erato
777 2190 840 2262 agri
854 2191 906 2245 de-

83 2267 148 2324 cies
162 2265 275 2344 majore
290 2266 394 2340 spatio,
404 2267 517 2324 sentina
528 2281 706 2334 sererentutt
728 2269 905 2324 auetoenim

40 2351 44 2358 '
83 2347 258 2402 colonorum
285 2362 420 2410 numero,
441 2347 553 2402 victum
568 2363 686 2420 quoque
702 2349 906 2404 necessarium

82 2427 254 2494 augendum
268 2442 342 2480 cese.
385 2425 482 2500 Igitur
498 2442 549 2498 per
570 2427 678 2500 aliquot
705 2426 907 2502 hebdomades

83 2503 247 2568 continuas,
261 2503 390 2576 agricola
412 2505 539 2579 quisque
561 2501 658 2560 factus
684 2516 738 2569 eet,
759 2505 907 2576 operario·

7 2593 8 2598 ’
82 2599 213 2656 rumque
228 2581 389 2656 diligentie,
403 2582 530 2654 feliciter
543 2585 640 2638 omnia
653 2591 684 2638 et
699 2578 757 2638 citd
773 2581 907 2638 conlecta

83 2676 161 2724 sunu
183 2664 358 2736 cunctisque
373 2662 455 2720 intra
476 2662 647 2737 quindecim
669 2659 733 2716 dies
755 2660 908 2728 absolutis,

83 2739 277 2796 constitutum
293 2739 348 2795 iter
361 2751 490 2814 paratur.
533 2739 593 2796 Sed
615 2738 697 2814 prius
711 2736 800 2814 qudm
818 2735 907 2812 proli·

82 2817 258 2880 eieceretur,
280 2817 433 2893 Hispanus
458 2817 541 2893 probi
564 2819 700 2894 gratique
719 2820 747 2873 in
764 2819 913 2872 Rodineoe

81 2914 147 2949 nem
160 2897 247 2955 ommi
258 2897 470 2954 documentum
480 2897 582 2962 edidit,
591 2901 669 2972 quod
678 2911 711 2952 et
721 2894 907 2970 prudentiam

82 2973 153 3052 ejus
166 2976 338 3036 declaravit.
381 2976 502 3036 Scilicet
520 2973 674 3046 confessus
688 2987 734 3032 eet
748 2975 921 3047 populures

486 3069 515 3128 μ
