2048 3288
343 159 500 202 nosrnson
522 157 690 200 onusosus.
894 147 926 200 15

103 246 172 326 ipse
187 269 258 309 cum
273 251 440 309 Robinsone
454 251 490 308 ad
505 266 609 306 navem
624 246 747 306 aceedit.
776 247 849 306 Erat
861 247 928 308 saud

104 331 238 406 lugenda
251 329 371 403 pror-stis
386 329 518 386 omnium
534 327 661 385 conditio
672 329 723 403 qui
734 327 762 384 iu
775 329 825 385 ills
840 331 929 384 vehe-

103 407 224 466 bantur:
245 410 374 466 universi
388 409 484 466 inediis
499 407 584 482 quasi
598 407 776 482 cousumpti;
796 407 929 465 nonnulli

106 487 159 545 vix
175 499 306 562 poterant
320 490 445 562 pedibus
460 497 547 543 stare.

147 565 227 624 cum
243 582 343 624 autem
358 567 533 624 cubiculum
554 565 706 622 nauticum
724 565 930 622 intrassent.-

105 643 301 703 llorrendum
317 645 392 704 v'isu!
413 645 551 723 jacebant
572 645 656 701 humi
671 661 777 706 mater,
799 643 878 700 filius
899 655 929 701 et

103 727 236 792 servula,
250 725 301 800 qui
316 743 419 782 omnes
429 725 506 781 fame
522 723 618 780 euecti
633 725 816 782 ridebantur.
853 723 929 780 Mox

104 816 209 861 autem
224 805 442 879 deprehensum
458 815 503 859 est
517 803 659 878 reliquias
670 804 699 860 in
711 803 754 858 eis
765 803 872 858 animae
889 802 930 860 vi·

101 883 174 940 talis
187 901 356 958 superesse.
398 885 559 957 Postquam
574 883 654 940 enim
672 883 821 938 nonnullae
846 879 931 938 succi

99 959 222 1019 deame
239 963 375 1036 expressi
397 974 491 1037 guttae
507 962 536 1018 in
559 961 758 1038 uscujusque
779 959 928 1018 instillatae

102 1053 184 1102 sunt,
199 1043 298 1098 lucem
314 1042 409 1098 oculis
424 1057 561 1116 quaerere
575 1053 740 1114 coeperunt.

146 1121 246 1178 Mater
256 1139 319 1194 prae
331 1121 421 1178 nimici
432 1119 538 1176 virium
549 1119 751 1176 imbecillitate
764 1118 834 1176 nihil
845 1119 931 1194 quid·

101 1216 195 1274 quam
209 1201 364 1256 absorbere
380 1210 503 1275 poterae
522 1196 590 1255 etim
607 1211 707 1254 autem
722 1198 876 1264 innuisset,
898 1207 931 1255 ut

10 1329 15 1342 ,
104 1276 310 1336 tantummodi>
333 1277 463 1338 filiosuo
481 1279 696 1345 consuleretur,
717 1295 790 1334 mox
804 1277 856 1334 illa
878 1295 932 1335 ex·

103 1357 220 1432 piravit.

54 1461 56 1464 ·
147 1437 228 1495 luter
241 1440 308 1496 haec
329 1439 388 1497 duo
403 1435 510 1514 reliqui
532 1437 661 1495 animam
681 1447 867 1510 receperant,
886 1445 930 1493 at-

103 1533 165 1591 que
180 1531 212 1574 ut
226 1530 308 1574 erant
324 1529 410 1574 aetate
422 1514 611 1582 robustiores,
626 1513 762 1589 praefccti
776 1515 930 1590 diligentid

103 1593 221 1654 felicitls
235 1597 342 1654 servati
356 1608 433 1654 sunt.
475 1593 555 1652 cum
571 1610 670 1652 autem
693 1593 812 1671 juvenis
833 1595 929 1652 oculis

103 1673 133 1732 in
148 1687 276 1733 matrem
290 1675 445 1752 conjectis,
466 1687 614 1732 mortuam
630 1691 696 1731 esse
722 1674 930 1744 intellexisset,

103 1763 202 1812 tentus
217 1773 287 1812 eunt
310 1754 413 1814 invasit
427 1751 521 1820 dolor,
545 1764 577 1809 ut
591 1752 797 1812 delinientibus
821 1752 929 1811 iterdm

104 1831 217 1892 viribus
233 1831 314 1909 aegrd
335 1834 370 1892 ed
386 1836 476 1892 vitam
490 1833 623 1890 revocari
640 1846 749 1907 posset.
791 1833 872 1890 Vicit
886 1842 930 1890 ta·

104 1928 172 1968 meu
187 1931 268 1978 cura,
282 1925 371 1990 atque
383 1913 433 1970 ille
449 1931 519 1970 cum
532 1915 619 1969 servi
631 1909 778 1988 quoqued
794 1911 930 1970 saucibus

103 1991 207 2048 mortis
236 2002 358 2068 ereptus
385 2005 440 2050 est.
481 1991 599 2050 Deinde
620 1991 793 2065 praefectus
821 2009 927 2048 navem

10 2137 20 2158 ι
103 2069 183 2126 omni
196 2088 306 2146 genere
318 2071 525 2128 alimentorum
538 2070 688 2138 instruxit,
703 2071 798 2126 malos
810 2067 827 2128 ai
838 2069 927 2127 labris

104 2149 167 2206 suis
183 2147 358 2209 reficiendos
370 2152 495 2214 curavit,
509 2149 680 2225 ignarisque
692 2149 783 2206 maris
795 2151 926 2224 peritum

102 2239 221 2286 nautam
237 2229 317 2288 dedit
332 2229 383 2305 qui
398 2248 502 2287 navem
517 2242 646 2300 regense
661 2241 749 2304 atque
765 2231 800 2286 ed
816 2241 925 2286 terram

104 2308 271 2382 proximam
286 2309 351 2384 ipse
366 2309 458 2366 tendit
474 2319 504 2366 ut
520 2326 625 2366 novam
642 2307 821 2366 cibariorum
844 2326 926 2364 com·

103 2387 284 2460 parationem
307 2389 427 2444 iaceret.
471 2388 548 2445 Haec
575 2399 636 2444 erat
657 2387 753 2444 insula
776 2389 925 2452 Modura,-

103 2464 190 2522 unad
209 2469 354 2524 Canariae.
397 2469 547 2522 Robinson
570 2465 627 2524 und
641 2485 712 2524 cum
733 2465 876 2540 praelecto
897 2465 926 2522 in

103 2555 211 2603 terram
227 2547 388 2613 descendit,
401 2560 489 2622 atque
505 2545 544 2603 ibi
556 2547 711 2604 laetissimo
722 2543 877 2602 fortunatae
890 2541 925 2601 il·

103 2623 161 2682 lius
181 2624 287 2684 iusulae
310 2637 433 2700 aspectu
456 2626 555 2683 satiari
580 2644 635 2682 non
658 2625 761 2698 potuit.
802 2622 926 2681 Scilicet
1012 2687 1013 2698 χ

102 2713 182 2760 terra
197 2705 302 2778 partim
318 2705 347 2762 in
363 2705 513 2779 planitiem
530 2716 676 2779 porrecta,
692 2703 798 2776 partim
821 2703 848 2756 in
864 2702 924 2756 col-

101 2785 208 2840 liculos
229 2781 359 2841 molliter
379 2801 550 2858 assurgens,
576 2795 745 2839 vernantem
769 2777 925 2846 frugifera-

102 2857 168 2920 r'um
185 2863 322 2920 arborum
347 2864 463 2937 copiam
479 2863 620 2938 explieat.
661 2857 740 2916 Coeli
765 2855 926 2940 admodum

101 2941 233 3019 jucunda
246 2943 419 3019 temperies;
434 2939 535 3000 nullus
547 2941 624 3001 enim
640 2940 690 2996 hic
703 2933 819 3006 hyemis
834 2945 926 3000 l‘lgol'i
