2068 3278
104 239 157 290 102
209 277 213 288 ,
358 249 516 292 noatnson
530 249 707 302 nauseans.

99 341 230 400 insulam
244 339 382 400 ducentis
397 357 509 415 gnarus
524 352 614 408 esset,
634 357 672 398 ne
693 341 809 398 temere
825 358 938 418 anceps
1029 319 1030 346 ³

100 421 173 480 ritae
191 420 354 478 discrimen
368 418 473 478 rur-stis
485 419 608 478 adirent.
652 421 708 476 llle
723 417 796 477 verd
813 439 939 495 respon·

98 501 141 559 dit
155 501 213 558 iter
226 502 337 560 habere
348 501 432 559 scita
444 502 637 575 exploratum
652 511 684 556 ut
697 501 741 558 rel
756 512 847 558 noctu
862 503 938 560 illud
1029 521 1030 526 ¹

100 581 259 657 suscipere
271 582 406 638 auderett
428 577 541 657 saepitis
552 580 633 637 enim
648 597 681 636 se
695 599 765 637 cum
781 581 938 655 populari·

98 662 156 720 bus
169 659 229 720 lnlc
243 663 280 720 ad
295 661 489 720 celebrandas
503 660 642 718 victorias
653 660 779 732 venisse.

140 741 218 801 Ros.
239 741 329 799 Tunc
354 739 449 817 igitur
462 741 556 798 caedis
570 741 722 816 particeps
742 739 838 810 fuisti,
863 740 936 800 cum

98 822 235 881 homines
246 831 452 880 mactaverunt
463 821 573 897 quibus
587 821 793 896 epularenturl

97 941 101 946 -
138 903 209 961 Far.
229 900 287 961 Fui
301 899 453 978 equidem.
474 897 592 960 Fateor!
614 911 686 960 tunc
700 914 802 960 autern
815 900 937 978 ignora·
1002 912 1005 916 ’

97 985 169 1042 bam
178 979 262 1040 nesae
275 998 356 1038 esse.

137 1063 217 1120 Ros.
239 1061 412 1134 Quamnam
433 1057 506 1118 verb
521 1061 557 1118 ad
572 1070 690 1137 partem
701 1060 809 1120 insulae
825 1079 935 1122 navem
1029 1029 1030 1078 l

97 1143 253 1218 appellere
266 1139 477 1200 consuevistis?

136 1223 206 1282 Far.
228 1221 279 1278 Ad
294 1221 520 1280 meridionalem
542 1239 637 1292 oram,
658 1221 798 1298 quoniam
814 1222 934 1280 iliano·
1029 1211 1030 1232 ¹

95 1301 141 1364 bia
153 1301 300 1377 proxima,
314 1299 529 1377 arboribusque
540 1303 701 1360 cocossaeis
712 1303 849 1360 abundat.

136 1382 186 1440 Ex
212 1384 269 1440 hoc
294 1383 444 1437 Robinson
461 1381 559 1457 magis
579 1381 730 1440 intellexit
751 1401 784 1439 se
805 1399 862 1440 nec
887 1381 933 1440 sic

95 1462 219 1540 quidem
233 1460 341 1538 partlm
356 1459 479 1519 felicem
493 1461 586 1520 fuisse
601 1459 682 1538 quod
696 1462 726 1520 in
752 1463 933 1536 septentrio·

94 1545 155 1603 nali
164 1562 219 1600 non
230 1543 260 1600 in
273 1541 458 1600 meridionali
467 1542 575 1600 insulae
587 1545 639 1600 ora
647 1537 838 1616 naufragium
849 1541 933 1600 fece·

95 1624 142 1690 rit,
156 1622 285 1698 alioquin
302 1640 334 1678 se
350 1623 485 1697 praedam
499 1623 653 1680 imbellem
666 1621 738 1679 ieris
758 1622 933 1682 hominibus

93 1702 230 1762 saturum
253 1699 359 1770 fuisse,
380 1719 414 1758 ac
439 1701 536 1759 denub
562 1701 723 1776 pollicetur
742 1719 785 1758 se
808 1719 881 1762 cum
895 1721 933 1762 eo

94 1779 235 1858 proxime
265 1783 301 1840 ad
333 1792 448 1856 patrem
474 1783 689 1839 arcessendum
718 1779 932 1858 profecturum

94 1881 171 1931 essm
195 1863 247 1920 sed
262 1877 433 1938 quanquam
445 1861 544 1918 animo
554 1862 688 1936 cupienti
698 1861 772 1920 nihil
789 1861 860 1922 satia
870 1861 932 1921 ies·

94 1943 213 2013 tinatur,
224 1941 319 2000 innuit
334 1941 433 1999 hocin
449 1958 583 2015 praesena
592 1939 658 1998 lieri
667 1959 724 1999 non
734 1960 834 2024 posse
849 1959 931 2002 nunc

92 2024 174 2084 eninr
189 2022 267 2082 horti
277 2023 394 2080 colendi
405 2034 527 2096 tempus
540 2021 659 2080 instare.

132 2103 183 2160 Illi
197 2101 291 2178 igitur
306 2100 405 2160 statim
418 2101 487 2158 huic
501 2101 656 2176 praecipue
668 2102 790 2179 negotio
803 2119 929 2177 operam

92 2183 171 2242 dant.
212 2182 375 2240 Certamen
389 2191 454 2240 crat
468 2183 666 2238 Robinsonem
681 2182 757 2240 inter
768 2197 798 2241 et
811 2183 930 2241 socium

93 2274 162 2322 uter
183 2259 358 2338 diligentitla
379 2272 491 2337 terram
507 2261 688 2320 sollicitaret.
731 2261 810 2321 cum
825 2276 930 2322 autern

92 2341 223 2402 dlabore
249 2351 399 2402 vacarent.
420 2342 625 2400 instrumentis
646 2342 812 2417 aptioribus
834 2341 930 2402 conii-

91 2423 206 2483 ciendis
219 2435 342 2498 tempns
356 2421 563 2498 inpendebant.

133 2507 297 2572 Robinson,
308 2501 399 2582 cujus
411 2501 584 2576 patientiam
596 2503 752 2580 ingenium
777 2507 930 2582 aequabat,

90 2594 223 2641 rastrum
237 2599 359 2658 quoque
373 2584 493 2640 tandem
508 2581 636 2642 confecit
650 2583 716 2655 sibi,
730 2585 787 2644 etsi
801 2589 837 2644 ad
856 2603 931 2662 ape·

90 2663 193 2720 rienda
206 2659 351 2720 foramina
364 2662 437 2722 nibil
449 2665 594 2721 habebant
616 2665 793 2743 adJumento
814 2677 931 2740 praeter

89 2754 214 2800 acutum
229 2739 356 2798 silicem.
399 2742 514 2818 Siquis
535 2745 768 2804 consideraverit
782 2747 866 2822 quali
883 2745 930 2804 in·

89 2831 260 2880 strumento
282 2817 387 2895 opifex
409 2832 554 2889 uteretur,
567 2821 656 2882 facile
669 2825 819 2902 intelliget
833 2843 930 2901 quan-

88 2899 155 2960 tum
168 2899 313 2975 temporis
327 2899 356 2957 in
365 2917 456 2975 opere
470 2904 702 2978 consumpserit.
726 2899 839 2976 Frtday
852 2923 929 2981 quo-

88 2995 149 3052 que
163 2977 275 3038 aenaim
287 2979 386 3038 cultro
399 2979 518 3055 lapideo
532 2998 549 3036 e
565 2983 655 3060 lignis
673 2982 748 3042 adab
763 2985 847 3044 doris
858 3002 929 3062 spa·

88 3057 156 3114 tbaa
177 3057 307 3120 coniecit
327 3066 361 3116 ut
381 3056 549 3120 ferrearum
570 3061 664 3140 prope
686 3081 778 3124 usum
798 3074 928 3140 praesta·

99 3143 163 3196 elli.
