2068 3278
324 231 471 276 sosiusou
493 237 665 278 onusoeus.
852 228 905 278 129

85 320 206 385 isacio
221 339 289 402 potu
305 325 429 402 ciboque
451 325 643 384 reficiendum
658 328 779 386 curavit.
822 329 904 386 Tum

85 403 174 462 iilum
193 408 228 462 ad
243 407 382 482 scapham
396 405 515 462 deducit
529 409 557 464 in
569 423 658 482 quarn
671 418 815 466 tormento
830 427 905 484 quo·

87 502 158 558 que,
182 487 320 559 sciopetis
342 485 503 560 spoliisque
519 485 739 542 interfectorum
753 499 902 545 oneratam

85 565 202 636 Briday
229 567 303 621 saltu
332 581 363 620 se
391 564 480 633 dedit,
506 578 626 640 tamque
649 564 799 632 velociter,
818 579 907 624 vento

85 643 225 716 quamvis
239 643 370 711 adverso,
387 660 452 698 eam
466 644 557 700 remis
580 643 697 718 impulit
710 655 740 700 ut
756 647 903 702 Robinaon

86 723 250 798 navigantis
264 739 385 779 cursum
399 722 427 779 in
450 721 547 780 littore
562 721 687 798 pedibus
701 724 838 782 incedens
854 725 903 782 vix

86 813 228 876 aequaret.

129 879 219 939 Brevi
233 881 269 937 ad
282 897 380 937 arcem
404 891 577 956 perventum
589 892 644 947 est,
658 879 686 938 in
700 898 790 957 quam
801 900 905 940 ornnes

88 975 165 1017 nunc
179 963 214 1016 ab
227 959 307 1018 omni
322 960 455 1035 periculo
469 959 582 1017 liberati
591 961 718 1036 ingressi
730 974 806 1018 sunt.
822 961 902 1020 Tum

89 1038 221 1112 hospites
237 1041 324 1096 ambo
339 1057 453 1098 coenam
468 1039 618 1096 salubrem
633 1051 744 1115 parant.
771 1041 809 1098 Et
823 1043 904 1099 certe

89 1117 240 1173 Robtnson
252 1117 380 1187 subrisit,
394 1116 462 1176 cdrn
475 1117 634 1194 cogitasset
648 1137 679 1175 se
692 1135 845 1194 personam
859 1137 905 1176 re·

86 1196 133 1276 gis
148 1194 267 1254 referre.
308 1197 380 1255 Toti
401 1197 514 1255 scilicet
528 1215 605 1255 nunc
626 1197 730 1256 insulae
752 1198 905 1273 imperita·

85 1277 144 1344 bat;
165 1293 269 1334 omnes
288 1274 357 1355 ejus
383 1277 492 1334 subditi
514 1275 603 1334 vitam
624 1275 668 1335 itti
689 1289 843 1353 acceptam
859 1295 905 1335 re·

85 1353 164 1412 ferre
188 1355 341 1424 debebant,
364 1357 401 1414 ab
424 1355 492 1436 ejus
508 1367 580 1414 nutu
600 1355 738 1431 pendere,
759 1367 858 1432 atque,
879 1357 905 1415 si

84 1451 161 1510 opus
174 1429 264 1502 dsset,
278 1434 367 1493 sitam
383 1435 477 1510 ipsam
492 1453 546 1509 pro
563 1435 681 1492 domino
695 1433 883 1509 profundere.

125 1511 203 1594 Cum
219 1513 354 1572 rediisset
375 1515 496 1586 Frr'dap.
519 1513 561 1571 sic
575 1529 644 1570 eum
667 1515 817 1570 Robinson
833 1515 906 1573 alio·

85 1593 197 1668 quiturt
218 1593 330 1668 duplici
343 1592 459 1651 nomine
473 1591 567 1650 fertus
581 1593 663 1650 nobis
677 1592 725 1650 hic
740 1593 803 1650 dies
817 1597 905 1652 babe-

87 1671 177 1741 bitur3
199 1682 262 1730 tum
277 1669 357 1748 qudd
370 1673 445 1730 duos
455 1671 587 1730 homines
602 1689 640 1728 ex
656 1669 791 1729 saucibus
804 1673 907 1731 barba·

87 1769 187 1810 rorum
203 1750 379 1826 eripuimus,
394 1762 458 1810 tum
473 1748 552 1826 qudd
566 1761 599 1808 tu
613 1750 687 1825 ipse,
707 1749 839 1820 camiac,
853 1770 905 1827 pa·

86 1825 163 1889 treni
183 1841 269 1888 tuum
279 1831 435 1904 recepisti.
473 1829 661 1890 Lautissimis
674 1829 768 1906 igitur
780 1830 907 1906 dapibus

87 1910 174 1968 hodie
187 1927 320 1968 mensam
335 1911 523 1968 instruamus.

126 1991 214 2048 lnter'
230 1991 409 2066 epulandum
438 1989 563 2047 narrarit
579 1988 741 2064 Hispanus,
765 1989 824 2066 quo
845 1989 907 2047 iato

86 2067 274 2126 intermanus
287 2069 478 2126 barbarorum
492 2065 651 2126 incidisset.
692 2067 770 2126 Crim
782 2069 833 2127 iile
848 2086 904 2128 sex
991 2125 993 2128 .

84 2145 146 2205 ferd
159 2165 276 2205 menses
289 2143 366 2204 inter
379 2165 432 2204 eos
452 2161 583 2206 versatus
595 2145 710 2216 suisset,
730 2165 834 2206 eorum
851 2147 904 2204 lin·

86 2245 177 2302 guam
192 2227 232 2285 ita
245 2226 388 2288 didicerat
402 2235 435 2284 ut
448 2225 576 2300 cogitata
596 2227 694 2284 verbis
710 2229 904 2301 exprimeret,

84 2307 256 2382 Frr'dayque
270 2307 349 2380 apud
363 2305 514 2363 dominum
528 2323 650 2363 munere
663 2307 830 2381 interpretis
839 2305 905 2364 iun·

84 2385 219 2462 gebatur.
260 2384 385 2444 Summa
405 2402 510 2443 eorum
524 2403 594 2462 quae
608 2401 686 2443 nunc
699 2386 751 2443 illc
764 2385 905 2454 narrarit,

84 2465 149 2524 baec
162 2475 217 2523 ests

121 2551 139 2585 “
156 2543 251 2602 Naris
264 2556 361 2602 nostra
376 2543 411 2602 ad
425 2553 624 2602 mercaturam
637 2544 791 2620 nigrorum
809 2543 906 2602 homi·

84 2642 154 2682 num
178 2621 343 2680 faciendam
370 2622 501 2698 proiecta
526 2634 597 2680 erat.
638 2622 687 2679 Ab
711 2625 763 2681 ord
789 2624 905 2682 scilicet

83 2703 197 2762 Airicae
221 2702 367 2771 venimus,
389 2702 439 2759 ubi
460 2701 555 2758 varias
579 2719 699 2760 merces
720 2721 760 2760 ex
783 2702 905 2777 Europa

82 2799 152 2840 curu
165 2782 296 2857 granulis
310 2781 417 2850 aurcis,
430 2782 518 2837 ebore
532 2792 620 2857 atque
634 2782 800 2838 hominibus
810 2779 905 2857 nigris

83 2876 315 2929 mutaveramusn
325 2859 427 2918 odioso
437 2859 557 2935 quidem
567 2873 597 2917 et
608 2859 766 2918 inhumano
775 2871 905 2934 quaestut

84 2943 138 2998 bos
151 2952 272 2998 centum
283 2958 408 2997 numero
429 2939 495 2997 nari
509 2940 749 3014 imposueramus
760 2941 789 2996 in
810 2943 888 2996 Arne

42 3045 44 3050 v
85 3019 179 3080 ricem
192 3019 428 3083 transvebeodos
459 3017 527 3078 Jam
543 3017 647 3095 viginti
657 3035 762 3076 eorum
775 3017 832 3076 riti
