2068 3278
134 179 188 231 tua
385 186 534 228 nontntort
555 185 726 230 bauconus.

127 284 230 338 binron
258 277 422 336 incredibili
442 293 511 334 curn
539 275 642 336 taetitit
662 271 809 349 comperit
830 272 948 332 veriani·

130 374 294 418 munterte
309 359 387 432 qnod
403 355 484 432 priris
497 356 674 433 conjecerat,
689 355 863 428 Fridquuc
876 371 945 410 cum

129 457 167 495 eo
188 437 295 494 divinae
311 434 500 510 providentiae
515 447 544 492 et
555 433 728 508 sapientiam
742 442 772 489 et
786 431 950 509 benignite-

136 530 196 574 tent
211 515 373 574 admiratus
387 527 441 572 est.
918 539 921 548 ·

473 699 607 710 βαι-μ·-

205 831 349 892 CAPUT
373 830 627 890 VlGESIMUM
649 829 883 890 OCTAVUM.

133 993 237 1050 Contio
259 991 567 1062 advocatu-Legati
587 989 811 1060 mirri-Leges
832 993 953 1045 institn-

306 1071 769 1162 tae.-S}telurtca.-Monrtrum.

169 1227 313 1286 Pnoxtuo
324 1227 381 1294 die,
398 1229 544 1284 Robtnron
558 1246 663 1286 omnes
671 1225 726 1284 cibi
738 1225 873 1284 subditos
883 1227 959 1284 con?

130 1308 255 1375 vocavit,
281 1319 313 1366 ut
338 1325 400 1362 rein
415 1325 483 1382 quae
508 1305 618 1364 diutinis
633 1305 746 1364 differri
765 1324 821 1363 non
835 1311 954 1382 poterat

129 1385 296 1464 conjunctis
310 1385 421 1443 viribus
436 1384 622 1460 perficerent.

170 1465 291 1522 Scilicet
314 1467 476 1522 verendum
491 1477 613 1533 eratne,
634 1463 772 1540 malignis
784 1463 950 1542 jacentium
1017 1529 1018 1548 χ

96 1571 98 1576 ·
131 1543 158 1602 in
186 1562 293 1618 campo
317 1563 428 1620 pugnae
456 1546 632 1600 eminuerunt
663 1543 828 1618 vaporibus,
857 1543 953 1618 pestis

128 1623 246 1681 funesta
272 1625 447 1682 exoriretur.
491 1623 593 1700 Itaque
618 1623 727 1690 cuncti,
748 1625 802 1680 sui
819 1623 951 1699 quisque

129 1701 291 1762 instructus
321 1704 429 1770 securi,
461 1703 646 1772 conveniunt,
673 1701 821 1778 caeainque
850 1702 951 1778 lignis,
1016 1701 1017 1732 f

130 1781 332 1842 Romanorum
347 1799 462 1838 morem
477 1781 592 1850 imitati,
606 1799 730 1856 corpora
741 1779 954 1838 defunctorum

129 1861 318 1919 comburunt.
360 1860 480 1918 Interim
494 1863 604 1932 Fridnp
614 1873 729 1935 patrem
740 1878 829 1918 suunt
842 1861 954 1917 docne·
1015 1873 1016 1878 ’

130 1953 173 1996 rat
188 1939 329 2016 quantum
345 1953 449 2015 gentes
463 1940 535 1996 bene*
557 1953 680 1998 moratae
695 1941 729 1996 ab
746 1941 874 1996 bumana
888 1957 953 1998 car·

128 2036 165 2076 ne
178 2023 375 2088 abhorrerent.
416 2015 628 2093 Quodquidcm
645 2019 754 2075 mirum
777 2017 840 2073 seni
856 2015 953 2091 primi

130 2097 228 2154 visunt
249 2109 303 2154 est.
344 2097 438 2154 Filius
459 2109 560 2176 putem
575 2098 719 2172 expositis
731 2096 869 2154 omnibus
884 2113 953 2172 quae

129 2174 221 2252 ipseti
235 2179 352 2234 domino
373 2189 540 2250 acceperat,
553 2176 634 2234 brevi
651 2186 765 2252 patrem
776 2172 812 2232 eb
827 2175 954 2233 adduxit

130 2266 163 2312 ut
178 2275 291 2314 morem
306 2257 396 2313 istum
417 2255 611 2314 inhumanum
625 2267 819 2314 aversaretur.
841 2254 953 2311 Senern

128 2335 213 2392 illum
239 2335 422 2390 Dominicum
439 2335 590 2390 Robinron'
612 2330 769 2409 proptereti
783 2334 955 2408 appellavit,

130 2411 209 2488 qubd
226 2417 270 2468 dte
283 2417 423 2470 dominica
439 2431 508 2470 eum
524 2423 701 2470 servaverat.

169 2491 235 2548 Jam
251 2493 301 2548 illc
317 2493 471 2550 universos
495 2492 524 2548 in
539 2492 711 2549 concionem
733 2502 827 2560 vocat,
847 2490 877 2548 in
891 2493 951 2568 qui

129 2571 241 2640 Frtdnp
257 2571 364 2626 iterum
380 2569 550 2644 interpretis
564 2588 698 2638 munere,
711 2587 782 2628 curn
796 2587 870 2646 erga
881 2571 954 2628 His·

130 2665 251 2722 panum,
265 2659 328 2702 tum
345 2649 423 2721 apud
443 2667 543 2705 senem
558 2651 743 2705 Dominicum
765 2649 885 2707 functus
898 2661 954 2718 cet.

129 2727 288 2780 Robinron-
303 2723 384 2792 verb,
410 2738 441 2782 ut
463 2729 541 2800 apud
565 2728 666 2802 ipsum
687 2745 806 2786 summo
834 2728 955 2804 imperii

127 2818 201 2870 erat,
222 2803 267 2858 his
284 2801 382 2857 verbio
395 2802 507 2878 incipit:
541 2814 559 2846 “
570 2805 599 2863 O
615 2805 713 2874 amici,
723 2825 799 2882 quos
812 2805 873 2864 Dei
886 2825 953 2882 pro·

129 2880 257 2937 ridentia
271 2880 366 2938 socios
378 2882 449 2938 mibi
462 2881 609 2959 adjunxit,
620 2885 718 2942 omnia
731 2903 809 2944 nunc
819 2877 953 2961 postide-

129 2971 197 3014 rnue
217 2975 286 3032 quae
301 2958 337 3016 ad
359 2957 432 3016 benc
453 2961 598 3036 beateque
619 2963 779 3025 viventium
800 2965 955 3039 requirun-

1010 2737 1012 2870 1
