<?xml version="1.0" encoding="UTF-8"?>
<!DOCTYPE html PUBLIC "-//W3C//DTD XHTML 1.0 Transitional//EN"
    "http://www.w3.org/TR/xhtml1/DTD/xhtml1-transitional.dtd">
<html xmlns="http://www.w3.org/1999/xhtml" xml:lang="en" lang="en">
 <head>
  <title>
</title>
<meta http-equiv="Content-Type" content="text/html;charset=utf-8" />
  <meta name='ocr-system' content='tesseract 3.04.00' />
  <meta name='ocr-capabilities' content='ocr_page ocr_carea ocr_par ocr_line ocrx_word'/>
</head>
<body>
  <div class='ocr_page' id='page_1' title='image "./robinsoncrusous00goffgoog_0095.png"; bbox 0 0 2068 3278; ppageno 0'>
   <div class='ocr_carea' id='block_1_1' title="bbox 348 155 937 230">
    <p class='ocr_par' dir='ltr' id='par_1_1' title="bbox 348 155 937 230">
     <span class='ocr_line' id='line_1_1' title="bbox 348 155 937 230; baseline -0.003 -2"><span class='ocrx_word' id='word_1_1' title='bbox 348 186 498 228; x_wconf 79' lang='lat' dir='ltr'><strong>uonruson</strong></span> <span class='ocrx_word' id='word_1_2' title='bbox 519 186 694 230; x_wconf 79' lang='lat' dir='ltr'><strong>enusonus.</strong></span> <span class='ocrx_word' id='word_1_3' title='bbox 802 155 812 172; x_wconf 77' lang='grc'><strong><em>’</em></strong></span> <span class='ocrx_word' id='word_1_4' title='bbox 901 175 937 226; x_wconf 80' lang='lat'><strong>89</strong></span> 
     </span>
    </p>
   </div>
   <div class='ocr_carea' id='block_1_2' title="bbox 106 275 952 515">
    <p class='ocr_par' dir='ltr' id='par_1_2' title="bbox 106 275 952 515">
     <span class='ocr_line' id='line_1_2' title="bbox 149 275 940 354; baseline 0 -18"><span class='ocrx_word' id='word_1_5' title='bbox 149 276 230 338; x_wconf 82' lang='lat' dir='ltr'><strong>oum</strong></span> <span class='ocrx_word' id='word_1_6' title='bbox 252 295 309 338; x_wconf 90' lang='lat' dir='ltr'><strong>non</strong></span> <span class='ocrx_word' id='word_1_7' title='bbox 333 276 374 336; x_wconf 90' lang='lat' dir='ltr'><strong>ita</strong></span> <span class='ocrx_word' id='word_1_8' title='bbox 394 275 489 336; x_wconf 77' lang='lat' dir='ltr'><strong>multi</strong></span> <span class='ocrx_word' id='word_1_9' title='bbox 513 290 581 352; x_wconf 85' lang='lat' dir='ltr'><strong>post</strong></span> <span class='ocrx_word' id='word_1_10' title='bbox 603 280 756 334; x_wconf 76' lang='lat' dir='ltr'><strong>Robinson</strong></span> <span class='ocrx_word' id='word_1_11' title='bbox 778 275 940 354; x_wconf 86' lang='lat' dir='ltr'><strong>sociusque</strong></span> 
     </span>
     <span class='ocr_line' id='line_1_3' title="bbox 108 355 940 426; baseline 0 -10"><span class='ocrx_word' id='word_1_12' title='bbox 108 359 220 416; x_wconf 88' lang='lat' dir='ltr'><strong>collem</strong></span> <span class='ocrx_word' id='word_1_13' title='bbox 234 359 325 416; x_wconf 89' lang='lat' dir='ltr'><strong>littori</strong></span> <span class='ocrx_word' id='word_1_14' title='bbox 340 357 470 416; x_wconf 89' lang='lat' dir='ltr'><strong>vicinum</strong></span> <span class='ocrx_word' id='word_1_15' title='bbox 493 355 568 414; x_wconf 70' lang='lat' dir='ltr'><strong>forte</strong></span> <span class='ocrx_word' id='word_1_16' title='bbox 590 358 842 426; x_wconf 80' lang='lat' dir='ltr'><strong>conscendissent,</strong></span> <span class='ocrx_word' id='word_1_17' title='bbox 862 359 940 418; x_wconf 71' lang='lat' dir='ltr'><strong>unde</strong></span> 
     </span>
     <span class='ocr_line' id='line_1_4' title="bbox 106 435 952 515; baseline -0.001 -19"><span class='ocrx_word' id='word_1_18' title='bbox 106 438 200 496; x_wconf 89' lang='lat' dir='ltr'><strong>maris</strong></span> <span class='ocrx_word' id='word_1_19' title='bbox 227 451 369 514; x_wconf 84' lang='lat' dir='ltr'><strong>aspectus</strong></span> <span class='ocrx_word' id='word_1_20' title='bbox 400 435 488 515; x_wconf 72' lang='lat' dir='ltr'><strong>longi</strong></span> <span class='ocrx_word' id='word_1_21' title='bbox 518 450 550 496; x_wconf 88' lang='lat' dir='ltr'><strong>et</strong></span> <span class='ocrx_word' id='word_1_22' title='bbox 577 435 634 496; x_wconf 71' lang='lat' dir='ltr'><strong>late</strong></span> <span class='ocrx_word' id='word_1_23' title='bbox 661 438 791 514; x_wconf 86' lang='lat' dir='ltr'><strong>patebat,</strong></span> <span class='ocrx_word' id='word_1_24' title='bbox 826 440 952 511; x_wconf 73' lang='lat' dir='ltr'><strong>Frr&#39;doy‘</strong></span> 
     </span>
    </p>
   </div>
   <div class='ocr_carea' id='block_1_3' title="bbox 101 517 941 2274">
    <p class='ocr_par' dir='ltr' id='par_1_3' title="bbox 105 517 941 1954">
     <span class='ocr_line' id='line_1_5' title="bbox 108 517 940 596; baseline 0 -20"><span class='ocrx_word' id='word_1_25' title='bbox 108 521 214 577; x_wconf 88' lang='lat' dir='ltr'><strong>oculos</strong></span> <span class='ocrx_word' id='word_1_26' title='bbox 227 518 257 576; x_wconf 91' lang='lat' dir='ltr'><strong>in</strong></span> <span class='ocrx_word' id='word_1_27' title='bbox 270 520 430 594; x_wconf 87' lang='lat' dir='ltr'><strong>quamdam</strong></span> <span class='ocrx_word' id='word_1_28' title='bbox 444 518 512 596; x_wconf 86' lang='lat' dir='ltr'><strong>ejus</strong></span> <span class='ocrx_word' id='word_1_29' title='bbox 522 530 637 592; x_wconf 87' lang='lat' dir='ltr'><strong>partem</strong></span> <span class='ocrx_word' id='word_1_30' title='bbox 648 517 782 585; x_wconf 83' lang='lat' dir='ltr'><strong>intendit,</strong></span> <span class='ocrx_word' id='word_1_31' title='bbox 796 518 847 576; x_wconf 90' lang='lat' dir='ltr'><strong>ubi</strong></span> <span class='ocrx_word' id='word_1_32' title='bbox 860 519 940 576; x_wconf 89' lang='lat' dir='ltr'><strong>insu·</strong></span> 
     </span>
     <span class='ocr_line' id='line_1_6' title="bbox 108 597 940 676; baseline -0.002 -20"><span class='ocrx_word' id='word_1_33' title='bbox 108 597 147 656; x_wconf 87' lang='lat' dir='ltr'><strong>lae</strong></span> <span class='ocrx_word' id='word_1_34' title='bbox 159 599 270 676; x_wconf 83' lang='lat' dir='ltr'>aliquot</span> <span class='ocrx_word' id='word_1_35' title='bbox 280 598 583 672; x_wconf 86' lang='lat' dir='ltr'><strong>eminentesconspici</strong></span> <span class='ocrx_word' id='word_1_36' title='bbox 593 601 610 656; x_wconf 78' lang='grc' dir='ltr'>ὁ</span> <span class='ocrx_word' id='word_1_37' title='bbox 620 597 783 674; x_wconf 83' lang='lat' dir='ltr'><strong>longinquo</strong></span> <span class='ocrx_word' id='word_1_38' title='bbox 794 609 940 673; x_wconf 80' lang='lat' dir='ltr'><strong>poterant.</strong></span> 
     </span>
     <span class='ocr_line' id='line_1_7' title="bbox 106 676 940 753; baseline 0 -17"><span class='ocrx_word' id='word_1_39' title='bbox 106 678 191 738; x_wconf 84' lang='lat' dir='ltr'><strong>Tum</strong></span> <span class='ocrx_word' id='word_1_40' title='bbox 206 679 256 740; x_wconf 92' lang='lat' dir='ltr'><strong>ille</strong></span> <span class='ocrx_word' id='word_1_41' title='bbox 268 676 366 737; x_wconf 75' lang='lat' dir='ltr'><strong>subito</strong></span> <span class='ocrx_word' id='word_1_42' title='bbox 383 696 445 752; x_wconf 88' lang='lat' dir='ltr'><strong>prae</strong></span> <span class='ocrx_word' id='word_1_43' title='bbox 459 677 561 737; x_wconf 74' lang='lat' dir='ltr'><strong>laetitia</strong></span> <span class='ocrx_word' id='word_1_44' title='bbox 575 679 711 736; x_wconf 88' lang='lat' dir='ltr'><strong>exultare</strong></span> <span class='ocrx_word' id='word_1_45' title='bbox 726 689 816 753; x_wconf 89' lang='lat' dir='ltr'><strong>atque</strong></span> <span class='ocrx_word' id='word_1_46' title='bbox 828 678 940 736; x_wconf 87' lang='lat' dir='ltr'><strong>mirum</strong></span> 
     </span>
     <span class='ocr_line' id='line_1_8' title="bbox 105 757 941 835; baseline -0.002 -17"><span class='ocrx_word' id='word_1_47' title='bbox 105 759 136 818; x_wconf 88' lang='lat' dir='ltr'><strong>in</strong></span> <span class='ocrx_word' id='word_1_48' title='bbox 152 761 276 818; x_wconf 88' lang='lat' dir='ltr'><strong>modum</strong></span> <span class='ocrx_word' id='word_1_49' title='bbox 292 759 404 834; x_wconf 82' lang='lat' dir='ltr'><strong>gestire</strong></span> <span class='ocrx_word' id='word_1_50' title='bbox 419 759 520 833; x_wconf 86' lang='lat' dir='ltr'><strong>coepit.</strong></span> <span class='ocrx_word' id='word_1_51' title='bbox 556 757 627 830; x_wconf 71' lang='lat' dir='ltr'><strong>Qud</strong></span> <span class='ocrx_word' id='word_1_52' title='bbox 638 758 676 815; x_wconf 92' lang='lat' dir='ltr'><strong>de</strong></span> <span class='ocrx_word' id='word_1_53' title='bbox 692 757 941 835; x_wconf 85' lang='lat' dir='ltr'><strong>reinterrogatus</strong></span> 
     </span>
     <span class='ocr_line' id='line_1_9' title="bbox 106 837 940 915; baseline -0.001 -17"><span class='ocrx_word' id='word_1_54' title='bbox 106 859 125 898; x_wconf 86' lang='lat' dir='ltr'><strong>a</strong></span> <span class='ocrx_word' id='word_1_55' title='bbox 112 837 303 898; x_wconf 81' lang='lat' dir='ltr'><strong>Robinsone</strong></span> <span class='ocrx_word' id='word_1_56' title='bbox 314 840 403 897; x_wconf 85' lang='lat' dir='ltr'><strong>laetus</strong></span> <span class='ocrx_word' id='word_1_57' title='bbox 416 839 468 896; x_wconf 91' lang='lat' dir='ltr'><strong>ille</strong></span> <span class='ocrx_word' id='word_1_58' title='bbox 482 837 643 896; x_wconf 80' lang='lat' dir='ltr'><strong>exclamat!</strong></span> <span class='ocrx_word' id='word_1_59' title='bbox 679 837 724 896; x_wconf 85' lang='lat' dir='ltr'><strong>En</strong></span> <span class='ocrx_word' id='word_1_60' title='bbox 740 856 799 915; x_wconf 86' lang='lat' dir='ltr'><strong>ego</strong></span> <span class='ocrx_word' id='word_1_61' title='bbox 815 838 940 912; x_wconf 90' lang='lat' dir='ltr'><strong>patriam</strong></span> 
     </span>
     <span class='ocr_line' id='line_1_10' title="bbox 107 915 941 995; baseline -0.001 -18"><span class='ocrx_word' id='word_1_62' title='bbox 107 918 231 995; x_wconf 84' lang='lat' dir='ltr'><strong>aspicio!</strong></span> <span class='ocrx_word' id='word_1_63' title='bbox 254 917 294 976; x_wconf 86' lang='lat' dir='ltr'><strong>ibi</strong></span> <span class='ocrx_word' id='word_1_64' title='bbox 310 935 385 995; x_wconf 84' lang='lat' dir='ltr'><strong>gens</strong></span> <span class='ocrx_word' id='word_1_65' title='bbox 398 937 467 976; x_wconf 87' lang='lat' dir='ltr'><strong>mea</strong></span> <span class='ocrx_word' id='word_1_66' title='bbox 482 917 601 976; x_wconf 87' lang='lat' dir='ltr'><strong>habitat</strong></span> <span class='ocrx_word' id='word_1_67' title='bbox 630 917 727 976; x_wconf 88' lang='lat' dir='ltr'><strong>Vultu</strong></span> <span class='ocrx_word' id='word_1_68' title='bbox 738 915 820 986; x_wconf 78' lang='lat' dir='ltr'><strong>vero</strong></span> <span class='ocrx_word' id='word_1_69' title='bbox 834 916 941 989; x_wconf 87' lang='lat' dir='ltr'><strong>oculis,</strong></span> 
     </span>
     <span class='ocr_line' id='line_1_11' title="bbox 109 994 941 1076; baseline 0 -20"><span class='ocrx_word' id='word_1_70' title='bbox 109 1013 260 1076; x_wconf 80' lang='lat' dir='ltr'><strong>gestuque</strong></span> <span class='ocrx_word' id='word_1_71' title='bbox 274 997 462 1076; x_wconf 83' lang='lat' dir='ltr'><strong>significabat</strong></span> <span class='ocrx_word' id='word_1_72' title='bbox 475 994 566 1073; x_wconf 82' lang='lat' dir='ltr'><strong>quaim</strong></span> <span class='ocrx_word' id='word_1_73' title='bbox 580 1015 650 1056; x_wconf 90' lang='lat' dir='ltr'><strong>cara</strong></span> <span class='ocrx_word' id='word_1_74' title='bbox 665 997 721 1056; x_wconf 90' lang='lat' dir='ltr'><strong>sibi</strong></span> <span class='ocrx_word' id='word_1_75' title='bbox 742 1009 822 1055; x_wconf 84' lang='lat' dir='ltr'><strong>esset</strong></span> <span class='ocrx_word' id='word_1_76' title='bbox 837 999 941 1071; x_wconf 85' lang='lat' dir='ltr'><strong>patria,</strong></span> 
     </span>
     <span class='ocr_line' id='line_1_12' title="bbox 107 1077 941 1154; baseline 0 -18"><span class='ocrx_word' id='word_1_77' title='bbox 107 1097 144 1137; x_wconf 91' lang='lat' dir='ltr'><strong>ae</strong></span> <span class='ocrx_word' id='word_1_78' title='bbox 155 1079 337 1154; x_wconf 69' lang='lat' dir='ltr'><strong>quantopere</strong></span> <span class='ocrx_word' id='word_1_79' title='bbox 352 1078 436 1136; x_wconf 88' lang='lat' dir='ltr'><strong>illam</strong></span> <span class='ocrx_word' id='word_1_80' title='bbox 456 1094 587 1134; x_wconf 75' lang='lat' dir='ltr'><strong>revisere</strong></span> <span class='ocrx_word' id='word_1_81' title='bbox 601 1089 727 1152; x_wconf 89' lang='lat' dir='ltr'><strong>optaret</strong></span> <span class='ocrx_word' id='word_1_82' title='bbox 770 1077 894 1154; x_wconf 86' lang='lat' dir='ltr'><strong>Quodq</strong></span> <span class='ocrx_word' id='word_1_83' title='bbox 896 1077 941 1136; x_wconf 92' lang='lat' dir='ltr'><strong>ui-</strong></span> 
     </span>
     <span class='ocr_line' id='line_1_13' title="bbox 108 1155 940 1232; baseline -0.002 -15"><span class='ocrx_word' id='word_1_84' title='bbox 108 1160 180 1218; x_wconf 86' lang='lat' dir='ltr'><strong>dem</strong></span> <span class='ocrx_word' id='word_1_85' title='bbox 195 1161 356 1216; x_wconf 79' lang='lat' dir='ltr'><strong>Robr&#39;nrom&#39;</strong></span> <span class='ocrx_word' id='word_1_86' title='bbox 377 1155 499 1216; x_wconf 74' lang='lat' dir='ltr'><strong>minime</strong></span> <span class='ocrx_word' id='word_1_87' title='bbox 514 1158 634 1232; x_wconf 81' lang='lat' dir='ltr'><strong>placuit.</strong></span> <span class='ocrx_word' id='word_1_88' title='bbox 670 1156 743 1215; x_wconf 85' lang='lat' dir='ltr'><strong>Erat</strong></span> <span class='ocrx_word' id='word_1_89' title='bbox 765 1155 833 1214; x_wconf 72' lang='lat' dir='ltr'><strong>sane</strong></span> <span class='ocrx_word' id='word_1_90' title='bbox 849 1159 940 1220; x_wconf 83' lang='lat' dir='ltr'><strong>affec·</strong></span> 
     </span>
     <span class='ocr_line' id='line_1_14' title="bbox 107 1236 941 1314; baseline -0.005 -16"><span class='ocrx_word' id='word_1_91' title='bbox 107 1251 158 1298; x_wconf 88' lang='lat' dir='ltr'><strong>tus</strong></span> <span class='ocrx_word' id='word_1_92' title='bbox 179 1240 229 1297; x_wconf 89' lang='lat' dir='ltr'><strong>ille</strong></span> <span class='ocrx_word' id='word_1_93' title='bbox 254 1239 344 1296; x_wconf 83' lang='lat' dir='ltr'><strong>animi</strong></span> <span class='ocrx_word' id='word_1_94' title='bbox 365 1238 396 1296; x_wconf 93' lang='lat' dir='ltr'><strong>in</strong></span> <span class='ocrx_word' id='word_1_95' title='bbox 417 1237 482 1296; x_wconf 90' lang='lat' dir='ltr'><strong>viro</strong></span> <span class='ocrx_word' id='word_1_96' title='bbox 504 1236 750 1314; x_wconf 66' lang='lat' dir='ltr'><strong>laudabilisque</strong></span> <span class='ocrx_word' id='word_1_97' title='bbox 772 1239 941 1296; x_wconf 73' lang='lat' dir='ltr'><strong>declarabat</strong></span> 
     </span>
     <span class='ocr_line' id='line_1_15' title="bbox 108 1319 941 1393; baseline -0.004 -15"><span class='ocrx_word' id='word_1_98' title='bbox 108 1337 208 1378; x_wconf 89' lang='lat' dir='ltr'><strong>earam</strong></span> <span class='ocrx_word' id='word_1_99' title='bbox 223 1337 290 1376; x_wconf 86' lang='lat' dir='ltr'><strong>esse</strong></span> <span class='ocrx_word' id='word_1_100' title='bbox 307 1319 443 1393; x_wconf 88' lang='lat' dir='ltr'><strong>patriam,</strong></span> <span class='ocrx_word' id='word_1_101' title='bbox 459 1335 544 1376; x_wconf 84' lang='lat' dir='ltr'><strong>caros</strong></span> <span class='ocrx_word' id='word_1_102' title='bbox 557 1319 680 1387; x_wconf 84' lang='lat' dir='ltr'><strong>amicos,</strong></span> <span class='ocrx_word' id='word_1_103' title='bbox 694 1336 780 1376; x_wconf 83' lang='lat' dir='ltr'><strong>caros</strong></span> <span class='ocrx_word' id='word_1_104' title='bbox 793 1326 941 1392; x_wconf 86' lang='lat' dir='ltr'><strong>parentes.</strong></span> 
     </span>
     <span class='ocr_line' id='line_1_16' title="bbox 108 1397 940 1472; baseline -0.002 -14"><span class='ocrx_word' id='word_1_105' title='bbox 108 1397 254 1458; x_wconf 77' lang='lat' dir='ltr'><strong>Nascitur</strong></span> <span class='ocrx_word' id='word_1_106' title='bbox 267 1397 346 1457; x_wconf 87' lang='lat' dir='ltr'><strong>enim</strong></span> <span class='ocrx_word' id='word_1_107' title='bbox 361 1401 517 1456; x_wconf 88' lang='lat' dir='ltr'><strong>nobiseum</strong></span> <span class='ocrx_word' id='word_1_108' title='bbox 533 1415 639 1456; x_wconf 86' lang='lat' dir='ltr'><strong>sensus</strong></span> <span class='ocrx_word' id='word_1_109' title='bbox 654 1398 706 1454; x_wconf 91' lang='lat' dir='ltr'><strong>ille</strong></span> <span class='ocrx_word' id='word_1_110' title='bbox 721 1411 762 1465; x_wconf 85' lang='lat' dir='ltr'><strong>et,</strong></span> <span class='ocrx_word' id='word_1_111' title='bbox 782 1416 940 1472; x_wconf 86' lang='lat' dir='ltr'><strong>quaecurn-</strong></span> 
     </span>
     <span class='ocr_line' id='line_1_17' title="bbox 109 1476 941 1556; baseline 0 -20"><span class='ocrx_word' id='word_1_112' title='bbox 109 1497 168 1556; x_wconf 89' lang='lat' dir='ltr'><strong>que</strong></span> <span class='ocrx_word' id='word_1_113' title='bbox 183 1479 234 1536; x_wconf 91' lang='lat' dir='ltr'><strong>illa</strong></span> <span class='ocrx_word' id='word_1_114' title='bbox 248 1479 286 1536; x_wconf 86' lang='lat' dir='ltr'><strong>sit</strong></span> <span class='ocrx_word' id='word_1_115' title='bbox 300 1497 390 1554; x_wconf 86' lang='lat' dir='ltr'><strong>quam</strong></span> <span class='ocrx_word' id='word_1_116' title='bbox 407 1479 504 1552; x_wconf 92' lang='lat' dir='ltr'><strong>primo</strong></span> <span class='ocrx_word' id='word_1_117' title='bbox 518 1476 647 1553; x_wconf 88' lang='lat' dir='ltr'><strong>quisque</strong></span> <span class='ocrx_word' id='word_1_118' title='bbox 669 1478 809 1553; x_wconf 78' lang='lat' dir='ltr'><strong>cognovit</strong></span> <span class='ocrx_word' id='word_1_119' title='bbox 822 1479 941 1547; x_wconf 89' lang='lat' dir='ltr'><strong>intuitu,</strong></span> 
     </span>
     <span class='ocr_line' id='line_1_18' title="bbox 107 1557 940 1634; baseline -0.005 -16"><span class='ocrx_word' id='word_1_120' title='bbox 107 1561 157 1618; x_wconf 85' lang='lat' dir='ltr'><strong>rel</strong></span> <span class='ocrx_word' id='word_1_121' title='bbox 179 1559 306 1634; x_wconf 82' lang='lat' dir='ltr'><strong>signavit</strong></span> <span class='ocrx_word' id='word_1_122' title='bbox 331 1557 468 1634; x_wconf 82' lang='lat' dir='ltr'><strong>vestigio,</strong></span> <span class='ocrx_word' id='word_1_123' title='bbox 493 1557 574 1614; x_wconf 87' lang='lat' dir='ltr'><strong>nulla</strong></span> <span class='ocrx_word' id='word_1_124' title='bbox 594 1557 692 1633; x_wconf 80' lang='lat' dir='ltr'><strong>magis</strong></span> <span class='ocrx_word' id='word_1_125' title='bbox 715 1559 799 1633; x_wconf 84' lang='lat' dir='ltr'><strong>regio</strong></span> <span class='ocrx_word' id='word_1_126' title='bbox 821 1557 940 1615; x_wconf 84' lang='lat' dir='ltr'><strong>arridet.</strong></span> 
     </span>
     <span class='ocr_line' id='line_1_19' title="bbox 108 1637 941 1714; baseline -0.002 -18"><span class='ocrx_word' id='word_1_127' title='bbox 108 1639 169 1696; x_wconf 86' lang='lat' dir='ltr'><strong>Sed</strong></span> <span class='ocrx_word' id='word_1_128' title='bbox 191 1640 304 1697; x_wconf 88' lang='lat' dir='ltr'><strong>veritus</strong></span> <span class='ocrx_word' id='word_1_129' title='bbox 327 1656 365 1695; x_wconf 92' lang='lat' dir='ltr'><strong>ne</strong></span> <span class='ocrx_word' id='word_1_130' title='bbox 386 1637 576 1714; x_wconf 85' lang='lat' dir='ltr'><strong>popularium</strong></span> <span class='ocrx_word' id='word_1_131' title='bbox 601 1637 746 1696; x_wconf 87' lang='lat' dir='ltr'><strong>amantior</strong></span> <span class='ocrx_word' id='word_1_132' title='bbox 767 1638 866 1714; x_wconf 87' lang='lat' dir='ltr'><strong>ipsum</strong></span> <span class='ocrx_word' id='word_1_133' title='bbox 889 1637 941 1695; x_wconf 86' lang='lat' dir='ltr'><strong>ali·</strong></span> 
     </span>
     <span class='ocr_line' id='line_1_20' title="bbox 107 1715 941 1811; baseline -0.002 -35"><span class='ocrx_word' id='word_1_134' title='bbox 107 1717 226 1811; x_wconf 76' lang='lat' dir='ltr'><strong>quando</strong></span> <span class='ocrx_word' id='word_1_135' title='bbox 242 1719 406 1786; x_wconf 87' lang='lat' dir='ltr'><strong>desereret,</strong></span> <span class='ocrx_word' id='word_1_136' title='bbox 426 1718 559 1776; x_wconf 88' lang='lat' dir='ltr'><strong>animum</strong></span> <span class='ocrx_word' id='word_1_137' title='bbox 580 1715 649 1794; x_wconf 90' lang='lat' dir='ltr'><strong>ejus</strong></span> <span class='ocrx_word' id='word_1_138' title='bbox 663 1730 832 1792; x_wconf 83' lang='lat' dir='ltr'><strong>pertentare</strong></span> <span class='ocrx_word' id='word_1_139' title='bbox 848 1718 941 1776; x_wconf 84' lang='lat' dir='ltr'><strong>voluit</strong></span> 
     </span>
     <span class='ocr_line' id='line_1_21' title="bbox 107 1796 941 1878; baseline 0.001 -24"><span class='ocrx_word' id='word_1_140' title='bbox 107 1810 139 1858; x_wconf 88' lang='lat' dir='ltr'><strong>et</strong></span> <span class='ocrx_word' id='word_1_141' title='bbox 155 1799 198 1857; x_wconf 88' lang='lat' dir='ltr'><strong>sic</strong></span> <span class='ocrx_word' id='word_1_142' title='bbox 212 1799 395 1876; x_wconf 73' lang='lat' dir='ltr'><strong>colloquium</strong></span> <span class='ocrx_word' id='word_1_143' title='bbox 409 1817 481 1856; x_wconf 89' lang='lat' dir='ltr'><strong>cum</strong></span> <span class='ocrx_word' id='word_1_144' title='bbox 492 1816 528 1854; x_wconf 93' lang='lat' dir='ltr'><strong>eo</strong></span> <span class='ocrx_word' id='word_1_145' title='bbox 539 1796 612 1866; x_wconf 89' lang='lat' dir='ltr'><strong>iniit,</strong></span> <span class='ocrx_word' id='word_1_146' title='bbox 626 1815 664 1856; x_wconf 84' lang='lat' dir='ltr'><strong>ex</strong></span> <span class='ocrx_word' id='word_1_147' title='bbox 676 1816 736 1878; x_wconf 91' lang='lat' dir='ltr'><strong>quo</strong></span> <span class='ocrx_word' id='word_1_148' title='bbox 748 1798 861 1873; x_wconf 90' lang='lat' dir='ltr'><strong>optima</strong></span> <span class='ocrx_word' id='word_1_149' title='bbox 872 1796 941 1875; x_wconf 74' lang='lat' dir='ltr'><strong>eJus</strong></span> 
     </span>
     <span class='ocr_line' id='line_1_22' title="bbox 107 1875 487 1954; baseline 0 -18"><span class='ocrx_word' id='word_1_150' title='bbox 107 1877 223 1937; x_wconf 88' lang='lat' dir='ltr'><strong>indoles</strong></span> <span class='ocrx_word' id='word_1_151' title='bbox 237 1879 331 1954; x_wconf 87' lang='lat' dir='ltr'><strong>patuit</strong></span> <span class='ocrx_word' id='word_1_152' title='bbox 346 1875 487 1953; x_wconf 76' lang='lat' dir='ltr'><strong>apertius.</strong></span> 
     </span>
    </p>

    <p class='ocr_par' dir='ltr' id='par_1_4' title="bbox 107 1957 941 2098">
     <span class='ocr_line' id='line_1_23' title="bbox 148 1957 941 2036; baseline 0.001 -19"><span class='ocrx_word' id='word_1_153' title='bbox 148 1959 321 2017; x_wconf 79' lang='lat' dir='ltr'><strong>Ronruson.</strong></span> <span class='ocrx_word' id='word_1_154' title='bbox 349 1959 435 2016; x_wconf 88' lang='lat' dir='ltr'><strong>Num</strong></span> <span class='ocrx_word' id='word_1_155' title='bbox 451 1969 483 2016; x_wconf 90' lang='lat' dir='ltr'><strong>tu</strong></span> <span class='ocrx_word' id='word_1_156' title='bbox 498 1959 535 2015; x_wconf 93' lang='lat' dir='ltr'><strong>ad</strong></span> <span class='ocrx_word' id='word_1_157' title='bbox 550 1958 711 2036; x_wconf 89' lang='lat' dir='ltr'><strong>populares</strong></span> <span class='ocrx_word' id='word_1_158' title='bbox 722 1968 790 2016; x_wconf 87' lang='lat' dir='ltr'><strong>tuos</strong></span> <span class='ocrx_word' id='word_1_159' title='bbox 801 1957 900 2016; x_wconf 89' lang='lat' dir='ltr'><strong>redire</strong></span> <span class='ocrx_word' id='word_1_160' title='bbox 911 1970 941 2018; x_wconf 89' lang='lat' dir='ltr'><strong>et</strong></span> 
     </span>
     <span class='ocr_line' id='line_1_24' title="bbox 107 2037 507 2098; baseline -0.013 0"><span class='ocrx_word' id='word_1_161' title='bbox 107 2057 182 2098; x_wconf 88' lang='lat' dir='ltr'><strong>cum</strong></span> <span class='ocrx_word' id='word_1_162' title='bbox 197 2039 233 2097; x_wconf 87' lang='lat' dir='ltr'><strong>iis</strong></span> <span class='ocrx_word' id='word_1_163' title='bbox 246 2039 375 2096; x_wconf 85' lang='lat' dir='ltr'><strong>babitare</strong></span> <span class='ocrx_word' id='word_1_164' title='bbox 390 2037 507 2097; x_wconf 79' lang='lat' dir='ltr'><strong>malles?</strong></span> 
     </span>
    </p>

    <p class='ocr_par' dir='ltr' id='par_1_5' title="bbox 101 2117 940 2274">
     <span class='ocr_line' id='line_1_25' title="bbox 148 2117 864 2194; baseline -0.001 -18"><span class='ocrx_word' id='word_1_165' title='bbox 148 2119 286 2177; x_wconf 77' lang='lat' dir='ltr'><strong>Farnnr.</strong></span> <span class='ocrx_word' id='word_1_166' title='bbox 308 2119 450 2176; x_wconf 88' lang='lat' dir='ltr'><strong>Libenter</strong></span> <span class='ocrx_word' id='word_1_167' title='bbox 468 2117 608 2194; x_wconf 87' lang='lat' dir='ltr'><strong>equidem</strong></span> <span class='ocrx_word' id='word_1_168' title='bbox 623 2137 677 2175; x_wconf 80' lang='lat' dir='ltr'><strong>eos</strong></span> <span class='ocrx_word' id='word_1_169' title='bbox 690 2118 864 2178; x_wconf 85' lang='lat' dir='ltr'><strong>reviserem.</strong></span> 
     </span>
     <span class='ocr_line' id='line_1_26' title="bbox 101 2198 940 2274; baseline 0.002 -18"><span class='ocrx_word' id='word_1_170' title='bbox 101 2241 111 2256; x_wconf 91' lang='lat'><strong>.</strong></span> <span class='ocrx_word' id='word_1_171' title='bbox 150 2199 227 2258; x_wconf 84' lang='lat' dir='ltr'><strong>Ron.</strong></span> <span class='ocrx_word' id='word_1_172' title='bbox 270 2198 393 2256; x_wconf 88' lang='lat' dir='ltr'><strong>Scilicet</strong></span> <span class='ocrx_word' id='word_1_173' title='bbox 412 2209 532 2274; x_wconf 86' lang='lat' dir='ltr'><strong>optares</strong></span> <span class='ocrx_word' id='word_1_174' title='bbox 554 2215 642 2256; x_wconf 89' lang='lat' dir='ltr'><strong>carne</strong></span> <span class='ocrx_word' id='word_1_175' title='bbox 664 2199 796 2258; x_wconf 73' lang='lat' dir='ltr'><strong>humana</strong></span> <span class='ocrx_word' id='word_1_176' title='bbox 816 2217 888 2257; x_wconf 88' lang='lat' dir='ltr'><strong>curn</strong></span> <span class='ocrx_word' id='word_1_177' title='bbox 903 2199 940 2258; x_wconf 92' lang='lat' dir='ltr'><strong>iis</strong></span> 
     </span>
    </p>
   </div>
   <div class='ocr_carea' id='block_1_4' title="bbox 10 2279 204 2342">
    <p class='ocr_par' dir='ltr' id='par_1_6' title="bbox 10 2279 204 2342">
     <span class='ocr_line' id='line_1_27' title="bbox 10 2279 204 2342; baseline -0.01 -4"><span class='ocrx_word' id='word_1_178' title='bbox 10 2325 12 2328; x_wconf 82' lang='lat'>-</span> <span class='ocrx_word' id='word_1_179' title='bbox 106 2279 204 2342; x_wconf 76' lang='lat' dir='ltr'><strong>vesei?</strong></span> 
     </span>
    </p>
   </div>
   <div class='ocr_carea' id='block_1_5' title="bbox 104 2356 940 3058">
    <p class='ocr_par' dir='ltr' id='par_1_7' title="bbox 104 2356 940 2594">
     <span class='ocr_line' id='line_1_28' title="bbox 149 2356 940 2434; baseline -0.001 -18"><span class='ocrx_word' id='word_1_180' title='bbox 149 2361 219 2424; x_wconf 83' lang='lat' dir='ltr'><strong>Far.</strong></span> <span class='ocrx_word' id='word_1_181' title='bbox 243 2356 381 2418; x_wconf 67' lang='lat' dir='ltr'><strong>Minime!</strong></span> <span class='ocrx_word' id='word_1_182' title='bbox 396 2375 448 2416; x_wconf 90' lang='lat' dir='ltr'><strong>eos</strong></span> <span class='ocrx_word' id='word_1_183' title='bbox 468 2359 569 2434; x_wconf 91' lang='lat' dir='ltr'><strong>potius</strong></span> <span class='ocrx_word' id='word_1_184' title='bbox 588 2359 624 2416; x_wconf 93' lang='lat' dir='ltr'><strong>ad</strong></span> <span class='ocrx_word' id='word_1_185' title='bbox 638 2375 739 2416; x_wconf 90' lang='lat' dir='ltr'><strong>mores</strong></span> <span class='ocrx_word' id='word_1_186' title='bbox 751 2359 940 2418; x_wconf 86' lang='lat' dir='ltr'><strong>humaniores</strong></span> 
     </span>
     <span class='ocr_line' id='line_1_29' title="bbox 104 2425 940 2532; baseline -0.004 -31"><span class='ocrx_word' id='word_1_187' title='bbox 104 2425 310 2506; x_wconf 77' lang='lat' dir='ltr'><strong>traducerem,</strong></span> <span class='ocrx_word' id='word_1_188' title='bbox 330 2439 532 2532; x_wconf 89' lang='lat' dir='ltr'><strong>doceremque</strong></span> <span class='ocrx_word' id='word_1_189' title='bbox 547 2439 630 2498; x_wconf 84' lang='lat' dir='ltr'><strong>vesci</strong></span> <span class='ocrx_word' id='word_1_190' title='bbox 644 2441 720 2496; x_wconf 88' lang='lat' dir='ltr'><strong>lacte</strong></span> <span class='ocrx_word' id='word_1_191' title='bbox 735 2450 766 2496; x_wconf 91' lang='lat' dir='ltr'><strong>et</strong></span> <span class='ocrx_word' id='word_1_192' title='bbox 777 2455 865 2498; x_wconf 88' lang='lat' dir='ltr'><strong>carne</strong></span> <span class='ocrx_word' id='word_1_193' title='bbox 880 2439 940 2498; x_wconf 88' lang='lat' dir='ltr'><strong>ani·</strong></span> 
     </span>
     <span class='ocr_line' id='line_1_30' title="bbox 106 2518 868 2594; baseline -0.005 -15"><span class='ocrx_word' id='word_1_194' title='bbox 106 2521 246 2588; x_wconf 86' lang='lat' dir='ltr'><strong>mallum,</strong></span> <span class='ocrx_word' id='word_1_195' title='bbox 261 2533 289 2576; x_wconf 90' lang='lat' dir='ltr'><strong>et</strong></span> <span class='ocrx_word' id='word_1_196' title='bbox 301 2518 438 2594; x_wconf 88' lang='lat' dir='ltr'><strong>inprimis</strong></span> <span class='ocrx_word' id='word_1_197' title='bbox 452 2521 487 2577; x_wconf 90' lang='lat' dir='ltr'><strong>ab</strong></span> <span class='ocrx_word' id='word_1_198' title='bbox 499 2522 628 2578; x_wconf 70' lang='lat' dir='ltr'><strong>humana</strong></span> <span class='ocrx_word' id='word_1_199' title='bbox 644 2520 801 2576; x_wconf 86' lang='lat' dir='ltr'><strong>abstinere.</strong></span> <span class='ocrx_word' id='word_1_200' title='bbox 866 2529 868 2535; x_wconf 80' lang='grc'>’</span> 
     </span>
    </p>

    <p class='ocr_par' dir='ltr' id='par_1_8' title="bbox 148 2597 751 2674">
     <span class='ocr_line' id='line_1_31' title="bbox 148 2597 751 2674; baseline -0.003 -15"><span class='ocrx_word' id='word_1_201' title='bbox 148 2601 230 2659; x_wconf 83' lang='lat' dir='ltr'><strong>Ron.</strong></span> <span class='ocrx_word' id='word_1_202' title='bbox 252 2597 390 2672; x_wconf 76' lang='lat' dir='ltr'><strong>Quid?</strong></span> <span class='ocrx_word' id='word_1_203' title='bbox 368 2617 393 2656; x_wconf 87' lang='lat' dir='ltr'><strong>sr</strong></span> <span class='ocrx_word' id='word_1_204' title='bbox 407 2610 437 2655; x_wconf 91' lang='lat' dir='ltr'><strong>te</strong></span> <span class='ocrx_word' id='word_1_205' title='bbox 452 2599 551 2674; x_wconf 90' lang='lat' dir='ltr'><strong>ipsum</strong></span> <span class='ocrx_word' id='word_1_206' title='bbox 564 2598 751 2658; x_wconf 74' lang='lat' dir='ltr'><strong>devorarent?</strong></span> 
     </span>
    </p>

    <p class='ocr_par' dir='ltr' id='par_1_9' title="bbox 147 2677 566 2758">
     <span class='ocr_line' id='line_1_32' title="bbox 147 2677 566 2758; baseline -0.005 -20"><span class='ocrx_word' id='word_1_207' title='bbox 147 2680 220 2758; x_wconf 73' lang='lat' dir='ltr'><strong>Far.</strong></span> <span class='ocrx_word' id='word_1_208' title='bbox 243 2681 309 2738; x_wconf 88' lang='lat' dir='ltr'><strong>Hoc</strong></span> <span class='ocrx_word' id='word_1_209' title='bbox 319 2679 364 2737; x_wconf 87' lang='lat' dir='ltr'><strong>illi</strong></span> <span class='ocrx_word' id='word_1_210' title='bbox 378 2697 435 2736; x_wconf 91' lang='lat' dir='ltr'><strong>non</strong></span> <span class='ocrx_word' id='word_1_211' title='bbox 450 2677 566 2738; x_wconf 86' lang='lat' dir='ltr'><strong>facient.</strong></span> 
     </span>
    </p>

    <p class='ocr_par' dir='ltr' id='par_1_10' title="bbox 147 2757 887 2820">
     <span class='ocr_line' id='line_1_33' title="bbox 147 2757 887 2820; baseline -0.011 0"><span class='ocrx_word' id='word_1_212' title='bbox 147 2759 227 2820; x_wconf 85' lang='lat' dir='ltr'><strong>Ron.</strong></span> <span class='ocrx_word' id='word_1_213' title='bbox 253 2763 392 2818; x_wconf 84' lang='lat' dir='ltr'><strong>Attamen</strong></span> <span class='ocrx_word' id='word_1_214' title='bbox 405 2757 450 2816; x_wconf 90' lang='lat' dir='ltr'><strong>illi</strong></span> <span class='ocrx_word' id='word_1_215' title='bbox 465 2769 627 2819; x_wconf 83' lang='lat' dir='ltr'><strong>vescuntur</strong></span> <span class='ocrx_word' id='word_1_216' title='bbox 641 2775 730 2818; x_wconf 86' lang='lat' dir='ltr'><strong>carne</strong></span> <span class='ocrx_word' id='word_1_217' title='bbox 745 2757 887 2817; x_wconf 77' lang='lat' dir='ltr'><strong>humana?</strong></span> 
     </span>
    </p>

    <p class='ocr_par' dir='ltr' id='par_1_11' title="bbox 104 2837 940 2980">
     <span class='ocr_line' id='line_1_34' title="bbox 148 2837 940 2914; baseline -0.004 -16"><span class='ocrx_word' id='word_1_218' title='bbox 148 2839 221 2898; x_wconf 81' lang='lat' dir='ltr'><strong>Far.</strong></span> <span class='ocrx_word' id='word_1_219' title='bbox 243 2837 320 2900; x_wconf 70' lang='lat' dir='ltr'><strong>Sane</strong></span> <span class='ocrx_word' id='word_1_220' title='bbox 340 2838 386 2900; x_wconf 89' lang='lat' dir='ltr'><strong>illi</strong></span> <span class='ocrx_word' id='word_1_221' title='bbox 400 2838 531 2914; x_wconf 70' lang='lat' dir='ltr'><strong>quidemr</strong></span> <span class='ocrx_word' id='word_1_222' title='bbox 553 2841 607 2898; x_wconf 84' lang='lat' dir='ltr'><strong>sed</strong></span> <span class='ocrx_word' id='word_1_223' title='bbox 626 2839 742 2899; x_wconf 88' lang='lat' dir='ltr'><strong>nonnisi</strong></span> <span class='ocrx_word' id='word_1_224' title='bbox 763 2856 851 2898; x_wconf 85' lang='lat' dir='ltr'><strong>came</strong></span> <span class='ocrx_word' id='word_1_225' title='bbox 873 2839 940 2895; x_wconf 88' lang='lat' dir='ltr'><strong>hos·</strong></span> 
     </span>
     <span class='ocr_line' id='line_1_35' title="bbox 104 2917 195 2980; baseline -0.022 -1"><span class='ocrx_word' id='word_1_226' title='bbox 104 2917 195 2980; x_wconf 89' lang='lat' dir='ltr'><strong>tium.</strong></span> 
     </span>
    </p>

    <p class='ocr_par' dir='ltr' id='par_1_12' title="bbox 179 3005 563 3058">
     <span class='ocr_line' id='line_1_36' title="bbox 179 3005 563 3058; baseline -0.008 1"><span class='ocrx_word' id='word_1_227' title='bbox 179 3039 181 3043; x_wconf 39' lang='lat' dir='ltr'>v</span> <span class='ocrx_word' id='word_1_228' title='bbox 508 3017 531 3058; x_wconf 77' lang='lat' dir='ltr'><strong>li</strong></span> <span class='ocrx_word' id='word_1_229' title='bbox 547 3005 563 3056; x_wconf 83' lang='lat'><strong>2</strong></span> 
     </span>
    </p>
   </div>
   <div class='ocr_carea' id='block_1_6' title="bbox 0 0 1038 3278">
    <p class='ocr_par' dir='ltr' id='par_1_13' title="bbox 0 0 1038 3278">
     <span class='ocr_line' id='line_1_37' title="bbox 0 0 1038 3278; baseline 0 0"><span class='ocrx_word' id='word_1_230' title='bbox 0 0 1038 3278; x_wconf 95' lang='lat' dir='ltr'><strong> </strong></span> 
     </span>
    </p>
   </div>
  </div>
 </body>
</html>
