2066 3282
134 161 184 212 134
383 149 535 210 nonrnsorr
549 170 716 210 cnusoeus.

129 279 209 325 suos,
231 259 325 336 ipsius
346 259 446 328 instar,
460 278 528 316 esse
548 263 677 335 remiges
698 263 735 318 de
758 263 855 334 plebe,
869 267 937 321 rude

128 359 223 416 genus
247 355 274 396 et
304 341 459 405 incultunn
481 357 577 413 neque
600 341 657 396 sibi
680 359 784 396 eorum
812 357 936 402 mentem

127 418 203 476 adeb·
213 431 399 494 perspectam
415 435 490 484 esse,
505 433 536 474 ut
555 437 679 492 sponsor
695 419 743 475 fiat
757 421 793 474 tle
809 419 937 494 ipsorum

127 498 184 554 fide
206 519 240 554 ac
257 501 415 563 voluntate3
437 498 535 572 itaque
558 515 590 554 se
614 499 760 572 optimum
784 502 938 570 censerem

128 579 293 634 Robmrono
309 579 421 650 utpote
446 577 564 633 domino
578 580 662 651 leges
684 589 778 633 certas
798 582 939 650 constitui,
953 609 956 614 Δ

125 660 333 732 neminemque
356 658 383 714 in
405 655 531 711 insulem
554 658 758 712 adducentium
783 675 860 724 esse,
887 662 939 718 nisi

127 734 208 810 priris
235 739 351 810 legibus
377 735 437 792 illie
461 751 525 789 sese
552 735 749 792 obstrinxerit.
793 739 939 794 Robinson

126 817 213 871 laetus
239 816 360 888 hospitis
384 813 452 878 flue,
473 812 540 888 ejus
564 814 684 870 consilio
705 816 865 873 obsecutus
887 832 938 875 est.

127 895 183 948 llis
198 897 298 950 autern
314 895 408 949 verbis
424 894 507 966 leges
524 892 642 964 seriptae
657 905 748 949 erant.

163 981 184 1025 00,
197 972 388 1045 Quicumque
403 971 431 1027 in
447 971 542 1026 insule
558 971 668 1038 vivere,
681 983 768 1046 atque
783 974 811 1030 in
827 991 939 1048 partem

124 1050 939 1126 commoditatumquasillnpraebet‚arlmitticupit‚eum

124 1143 246 1204 oportet:

163 1220 180 1247 0
199 1216 240 1264 10.
262 1206 414 1264 Voluntati
436 1206 545 1263 domini
560 1207 640 1264 illius
654 1209 758 1265 insulae
771 1209 920 1284 legitimi
912 1231 940 1269 nr

123 1289 258 1344 omnibns
279 1287 409 1350 obedite,
428 1287 619 1376 cunctisque
626 1289 775 1355 institutis,
798 1298 868 1364 quae
890 1294 940 1348 ille

123 1369 309 1422 adsalutem
340 1383 530 1443 connnunem
564 1363 674 1422 civium
711 1371 941 1438 promovendam

123 1445 311 1518 praecepet'il,
325 1448 539 1516 obtemperate.

160 1535 176 1561 00
188 1532 234 1578 20.
258 1525 360 1580 Vitam
372 1541 462 1598 agere
475 1524 502 1577 in
518 1526 624 1588 labore,
638 1525 831 1597 temperantia
846 1538 876 1582 et
892 1527 941 1582 bo·

121 1615 243 1658 aestate:
265 1621 350 1658 nemo
375 1603 453 1657 enirn
471 1603 498 1658 in
515 1605 567 1658 bie
589 1601 682 1658 insula
703 1605 876 1660 tolerabitur
890 1606 941 1678 qui

120 1681 257 1754 ignaviae,
271 1681 323 1754 qui
345 1682 473 1738 luxoriae
494 1695 545 1738 aut
568 1681 620 1736 ulli
632 1683 821 1760 ,turpitudinis
837 1683 943 1756 generi

121 1778 152 1815 se
165 1760 284 1815 dederit.

159 1847 176 1876 00
190 1847 236 1894 30.
260 1838 417 1895 Abstinere
433 1841 468 1895 ab
483 1839 563 1894 omni
579 1839 654 1906 rix&
676 1839 768 1914 siquis
782 1854 883 1896 autem
899 1840 941 1896 in·

117 1916 227 1994 juriam
250 1919 409 1991 acceperit,
422 1936 458 1974 ne
474 1917 510 1973 sit
532 1919 559 1974 in
580 1919 698 1992 proprii
723 1923 813 1975 cause
833 1918 942 1996 judex,

119 1998 171 2052 sed
186 1999 337 2070 querelam
353 2001 389 2052 ad
410 1998 515 2053 insulae
529 1997 680 2053 dominum
696 1996 884 2066 deforabunt
905 2000 942 2055 ad

120 2093 189 2130 eum
206 2076 256 2149 qui
270 2075 365 2152 judex
379 2077 474 2130 abillo
488 2077 666 2132 constitutus
680 2073 778 2132 fuerit.

156 2163 173 2191 00
191 2165 236 2210 40.
259 2155 375 2211 Omnes
391 2157 504 2210 labores
515 2156 550 2210 ad
572 2171 761 2212 communem
777 2155 941 2212 utilitatem

117 2234 301 2290 necessarios
315 2234 440 2290 libenter
454 2234 615 2306 suscipere,
630 2251 676 2299 ac,
690 2235 714 2290 si
736 2251 784 2289 res
807 2239 943 2308 postula·

117 2312 167 2379 bit,
182 2313 310 2378 domino,
325 2314 371 2368 vel
387 2331 456 2369 cum
472 2311 539 2368 vitae
551 2313 731 2379 discriminee
744 2331 834 2384 opem
850 2312 942 2370 serre.

154 2399 172 2428 0
187 2401 232 2447 50.
255 2393 286 2448 Si
301 2391 368 2467 quis
382 2392 472 2448 ullam
489 2409 527 2446 ex
557 2391 601 2446 bis
623 2391 738 2464 legibus
754 2391 942 2466 aequissimis

116 2469 226 2525 violare
240 2488 330 2527 ausus
354 2469 453 2536 luerit,
474 2485 653 2526 caeterornm
675 2471 805 2526 olliciurn
821 2481 867 2526 est
890 2471 944 2525 ad-

116 2551 221 2604 versus
232 2566 301 2606 eum
314 2552 481 2604 coalescere
496 2559 529 2606 ut
544 2561 653 2623 pareat,
667 2561 716 2606 aut
737 2567 775 2606 ex
795 2550 898 2606 insula
913 2549 943 2604 in

115 2639 294 2698 perpetuum
311 2625 455 2702 ejiciatur

153 2704 344 2759 “Neminem
374 2704 443 2760 verb
466 2725 521 2762 non
543 2687 694 2763 hortamur
715 2718 747 2762 ut
766 2708 824 2762 bas
839 2705 944 2762 condi·

114 2782 208 2838 tiones
247 2779 324 2837 serio
350 2786 520 2856 perpendat,
547 2801 713 2859 nomenque
739 2783 944 2876 jurisjurandi

104 2860 181 2924 ‚loco
195 2877 249 2914 non
265 2861 437 2927 subscribat,
459 2864 513 2920 nist
506 2861 610 2936 pritl's
626 2866 760 2922 statuerit
772 2864 831 2920 illie
845 2861 943 2939 quaint

115 2936 339 3012 religiosissime
350 2939 566 3014 obtemperare

675 3022 914 3078 “Robinsonf’
