2068 3278
84 141 123 193 90
325 148 482 192 acarasou
504 149 679 194 eausosus.

124 239 206 300 Ros.
229 241 277 298 An
291 249 323 297 tu
336 227 480 315 scapham
491 239 639 298 conficere
648 247 735 316 potes
744 240 807 317 qud
816 239 853 298 ad
862 257 918 300 eos
1014 241 1015 262 ²

83 319 295 380 transveharis?

123 402 193 459 Far.
215 397 436 477 Sanequideml

123 481 202 538 Ros.
224 480 324 558 Euge!
341 479 456 538 confice
480 478 533 538 tibi
545 481 687 555 scapham
699 492 791 557 atque
801 481 839 538 ad
849 479 919 538 illos

82 573 244 618 revertere.
286 555 381 632 Q'uidi
403 559 511 638 dejicis
525 562 639 628 oculum
662 557 740 619 un‘de
756 560 801 618 sic
815 557 917 618 doles?

123 641 192 700 Far.
225 641 324 698 Doleo
338 641 463 717 quippe,
483 637 565 716 qudd
579 639 717 700 dominus
730 639 807 700 mihi
826 641 920 707 caris·

82 721 178 780 simus
192 722 349 778 irascatur.

50 839 52 842 -
123 802 201 860 Ros.
223 801 289 858 Cur
303 819 375 860 vero
388 799 441 858 tibi
454 799 578 858 irascar?
929 853 931 858 .

121 882 193 940 Far.
217 883 262 939 lta
276 894 325 938 res
335 892 391 950 est;
413 881 527 958 quippe
540 881 592 938 ille
606 899 655 938 me
666 877 684 939 ai
695 899 728 939 se
739 881 913 957 relegatum

82 961 165 1024 velit.

122 1041 199 1100 Ros.
222 1039 321 1100 Anted
337 1059 409 1100 vero
422 1041 546 1116 optabas
561 1041 657 1099 redire
671 1041 700 1099 in
715 1040 854 1116 patriam!

121 1122 192 1184 Far.
213 1122 326 1197 Optavi
339 1123 493 1198 equidem3
519 1121 572 1180 nisi
588 1119 660 1179 veri>
675 1120 813 1179 dominus
824 1139 916 1181 meus

81 1202 123 1261 ibi
132 1221 255 1260 mecum
272 1215 419 1270 versetur,
433 1201 474 1260 ibi
488 1219 610 1277 quoque
622 1219 681 1277 ego
692 1201 803 1260 versari
812 1203 919 1261 nolim.
1014 1241 1015 1280 5

123 1283 203 1342 Ros.
227 1281 281 1339 Me
302 1283 426 1358 quidem
448 1283 602 1358 popularis
620 1283 666 1356 tui
682 1285 798 1342 hostem
813 1283 920 1341 existi·

81 1375 197 1421 mantes
212 1359 390 1420 interficient
403 1363 659 1439 dovorabuntque3
678 1376 711 1422 tu
725 1362 819 1438 igitur
833 1364 919 1422 solus
1014 1401 1015 1426 ;

81 1442 287 1521 proficiscere!

122 1524 243 1596 Quibus
253 1521 363 1580 auditis
374 1523 484 1596 Frs'day
495 1534 644 1598 arreptam
654 1522 918 1583 securimdomino

81 1605 178 1662 reddit
193 1604 331 1677 porrecta
345 1605 473 1662 cervice.

123 1683 200 1742 Ros.
221 1682 304 1754 Quid
319 1683 438 1758 visego
451 1681 572 1741 faciam?

121 1765 193 1823 Far.
226 1763 270 1820 Ut
285 1780 334 1820 me
348 1762 518 1822 interficias.
552 1762 659 1824 Malim
675 1781 734 1840 ego
749 1760 767 1821 ἑ
780 1772 811 1820 te
826 1761 918 1822 inter·

18 1845 19 1848 ’
83 1845 134 1904 fici
149 1863 239 1920 quam
252 1843 391 1918 relegari!

122 1926 181 1984 His
202 1923 290 1982 dictis
312 1926 424 1994 Frtday
448 1923 508 1983 vim
529 1925 731 1998 lacrymarum
754 1921 917 1998 profundit.

83 2007 235 2062 Robinson
255 2016 356 2062 autern
380 2003 641 2064 vehementissimi
663 2004 825 2062 commotis
844 2021 919 2061 eum

81 2085 283 2161 amplectitur,
298 2087 482 2142 exclamatur
504 2085 566 2144 noli
580 2085 730 2153 timere,d
745 2085 831 2154 bone,
847 2082 919 2159 Ego

81 2183 202 2244 quoque
216 2177 288 2240 opto
303 2176 335 2222 ut
349 2163 535 2240 nunquamal
555 2175 585 2222 te
598 2165 732 2234 divellam
755 2182 795 2222 ex
814 2163 918 2222 animo
945 2225 955 2242 ‚
973 2235 975 2238 Ι

81 2247 162 2304 enim
173 2259 203 2306 te
214 2243 317 2324 diligo.
337 2243 509 2316 Quaaanted
518 2245 591 2313 dixi,
605 2246 671 2304 haec
682 2245 719 2303 ad
729 2242 919 2304 fidemtuam

79 2327 296 2402 explorandam
318 2325 494 2392 dictasunt,
515 2337 552 2384 ut
564 2325 767 2402 intelligerem
787 2342 824 2382 an
844 2335 919 2384 tuus

80 2422 150 2462 meo
165 2406 260 2464 amori
274 2423 359 2466 amor
373 2417 528 2480 parasset.
569 2405 654 2478 Quas
669 2403 753 2464 vides
768 2406 922 2478 lacrymas

81 2501 127 2542 eae
138 2499 232 2543 testes
243 2497 311 2544 sunt
325 2485 455 2544 caritatis
469 2503 558 2544 meae.
600 2485 670 2563 Ego
683 2495 714 2543 te
727 2483 837 2544 iterum
852 2501 921 2544 am·
937 2494 941 2504 '

80 2565 204 2637 plectam
226 2564 332 2622 fletum
354 2576 520 2635 teneamus,
543 2583 600 2624 nec
620 2567 697 2624 alter
717 2565 846 2626 alterum
862 2581 921 2624 uu·

80 2659 173 2716 quam
187 2643 316 2700 deserat.
797 2691 800 2698 .
825 2671 826 2677 .

121 2721 226 2796 Itaque
246 2731 281 2776 ut
301 2720 434 2778 animum
447 2723 536 2783 amici
556 2724 574 2784 d
594 2741 726 2784 moerore
750 2734 915 2796 averteret,

78 2797 132 2857 init
146 2813 316 2858 sermonem
330 2799 367 2855 de
383 2803 495 2874 scapha
507 2805 639 2879 quadam
656 2803 836 2874 fabricanda,
848 2807 921 2882 plu·

79 2893 172 2951 raque
202 2879 238 2936 et
264 2876 303 2933 de
328 2894 362 2934 re
389 2877 566 2941 sciscitatur.
607 2883 688 2943 cnm
711 2886 826 2957 artam
853 2901 922 2943 res·

79 2957 181 3024 pensis
205 2958 369 3011 Robinsom‘
390 2951 506 3018 abunde
528 2962 735 3035 satisfecisset,
754 2963 804 3022 hic
825 2963 920 3022 illum
1006 2995 1013 3008 ·

79 3045 169 3088 manu
190 3037 373 3109 prehensum
397 3051 505 3098 secum
532 3039 658 3102 abduxit
678 3054 714 3104 ut
739 3043 918 3106 ostenderet
