2068 3278
343 185 497 226 nosrnsou
511 187 679 230 crusonus.
885 178 921 234 st

92 273 238 348 cymbam
252 291 301 333 cur
293 271 517 332 *fabricandae
510 293 575 349 ipse
590 275 830 372 permultorum
841 297 933 338 annos

38 407 42 415 ,
95 353 295 428 impenderat.
346 355 457 423 Friday
472 367 613 417 truncum
636 356 753 414 intuens
768 358 818 417 vix
842 361 934 430 tertis

94 447 182 509 parte
196 443 375 492 excavatum
390 434 522 494 subrisit.
558 433 638 494 cum
659 448 761 494 autem
780 441 931 496 Robinson

93 531 133 572 ex
150 532 188 570 eo
201 515 382 588 quaesiisset,
394 513 536 588 quidnam
551 515 616 572 illi'
609 534 637 572 m
654 518 709 574 hoc
724 534 815 592 opere
832 519 931 578 mimis

91 595 283 670 probaretur,
303 596 413 664 Fridoy
430 595 582 670 respoudit
598 594 719 654 minimi
744 615 822 673 opus
835 599 931 657 fuisse

87 685 176 732 tanto
197 672 254 730 isto
276 675 386 741 labore,
407 671 559 751 ejusmodi
572 688 714 734 truncum
729 677 804 735 intra
818 697 930 754 paucos
974 681 979 694 '

92 755 161 812 dies
175 751 283 810 melitis
298 753 438 810 excavari
451 772 548 827 posse.

134 834 255 906 Quibus
265 833 374 892 auditis
385 835 536 890 Robinson
545 830 866 898 vehementerlaetstus
876 847 930 898 est.

90 912 163 974 Jam
174 916 313 989 cymbam
327 912 447 972 omuinb
462 913 628 973 confectam
651 917 706 975 sibi
721 917 854 995 lingebat
868 919 930 978 sni·

89 1013 144 1052 mo
158 1004 189 1050 et
209 995 395 1069 navigatione
416 992 515 1052 leliter
536 999 658 1070 peracti
672 999 708 1054 ad
724 1000 929 1060 continentem

89 1086 205 1134 terram
226 1075 381 1156 appellere
405 1073 462 1134 sibi
487 1073 651 1134 videbatur.
694 1078 722 1135 Ο
750 1091 860 1172 quanta
884 1079 929 1138 illi

90 1153 209 1223 laetitis,
222 1140 301 1210 crim
308 1171 378 1230 spes
390 1153 534 1212 libertatis
547 1158 762 1231 recuperandae
775 1160 884 1229 arrisit;
898 1169 930 1216 et

9 1311 10 1314 Ἴ
90 1231 192 1294 subiti
202 1233 385 1292 constituunt
393 1251 472 1310 opus
485 1234 625 1334 proximo
638 1255 726 1296 mene
738 1239 874 1316 aggredi

441 1415 582 1448 a

286 1553 433 1614 CAPUT
456 1553 727 1618 VIGESIMUM.

88 1720 272 1775 flaviarum
284 1717 528 1786 tempusa-Secti
539 1723 925 1794 nectuntatragulaa-Re.

314 1795 518 1868 tim-Cymbe
533 1799 700 1868 conficitur.

127 1957 201 2015 lesa
220 1954 269 2014 die
282 1956 367 2032 operi
380 1955 534 2026 destinati,
545 1958 647 2016 aderat
661 1959 832 2034 pluviarum
847 1972 924 2020 tem·

87 2055 160 2117 pust
180 2037 261 2129 quod
276 2036 323 2094 bis
337 2055 392 2112 per
412 2055 520 2094 annum
535 2038 686 2116 ingruere
699 2041 853 2098 Robinson
867 2057 923 2100 oon

86 2119 178 2176 unius
192 2135 259 2174 anm
250 2116 455 2193 experientia
464 2117 617 2176 didicerat.
639 2119 710 2188 Quo
720 2131 858 2196 tempore
868 2139 924 2199 per

13 2203 15 2208 ’
85 2200 165 2258 duos
180 2213 299 2254 menses
314 2206 477 2273 perpetuos
490 2198 566 2256 nulli
579 2200 700 2276 negotio
716 2219 822 2259 vacare
836 2213 922 2261 extra

84 2279 212 2338 domum
227 2276 345 2346 licebat;
369 2280 451 2336 tanti
470 2277 510 2344 vi,
531 2279 688 2338 continuus
706 2281 802 2339 imber
817 2284 923 2340 ruebat

85 2359 125 2417 de
150 2357 240 2418 coelol
262 2357 512 2416 animadverterat
533 2377 655 2436 quoque
678 2363 831 2418 Robinson
853 2379 922 2420 esse

83 2435 375 2500 valetudiuiomniub
390 2438 572 2497 contrarium
587 2437 639 2498 illa
651 2451 832 2517 tempestate
842 2441 922 2502 sorar
1024 2501 1026 2506 .

84 2519 195 2578 exire.
224 2517 329 2590 Quid
321 2517 415 2596 igitur
429 2517 599 2578 iaciendum
614 2519 690 2580 erat?
724 2520 828 2582 Dilati
838 2521 922 2582 navis

83 2595 282 2666 coniectione,
292 2609 415 2673 tempus
428 2597 457 2658 in
469 2599 619 2658 laboribus
629 2601 804 2660 domesticis
813 2619 920 2662 consu·
1024 2639 1026 2646 ι

81 2679 229 2738 mendum
242 2675 309 2738 fuit.

124 2755 282 2832 Quantum
305 2757 417 2834 proluit
432 2761 595 2818 Robiurom'
614 2779 669 2836 per
682 2761 747 2820 dies
765 2763 833 2822 illos
853 2763 920 2840 plu·

82 2838 161 2909 rios,
175 2840 920 2934 atquehorasvespertinaslongaseasdemobacu·
1025 2819 1026 2844 ³

82 2931 196 2996 resque
210 2917 281 2996 igne
291 2919 334 2978 uti
345 2931 375 2978 et
385 2921 510 2992 lumine,
524 2921 719 3013 amicumque
730 2923 841 2979 habere
850 2922 920 3000 qui·

80 3017 157 3058 oum
171 3010 292 3072 tempus
304 2998 383 3058 inter
401 3018 494 3076 opera
509 3001 674 3060 domestica
682 2999 853 3094 jucundis
850 3019 905 3059 cor

79 3077 315 3141 fabulationibus
328 3081 508 3140 traduceret.
531 3079 631 3142 Antei
643 3081 722 3140 enim
733 3079 835 3140 tristes
846 3079 881 3140 is
