2068 3278
105 141 143 194 86
343 151 500 194 noarusorr
519 121 691 195 ouusorcus.

103 245 234 321 quodam
249 242 421 312 vindicaret,
442 244 620 304 necessariis
636 242 812 304 muneribus
831 241 934 304 labori·

102 327 220 400 busque
237 323 476 400 perfungeretur.
510 325 570 382 Sed
585 343 656 384 cum
674 323 752 382 intds
768 333 934 398 reputasset

103 403 169 462 ficri
184 422 273 479 posse
290 416 323 463 ut
336 401 495 480 aliquandd
510 403 570 464 tdm
586 404 668 463 felici
691 405 756 480 ipse
771 404 935 461 conditione
1012 401 1013 472 i

103 485 270 554 excideret,
286 497 358 543 tunc
374 482 445 543 vero
462 484 487 542 si
502 485 562 544 otio
578 496 669 562 atque
683 484 790 542 inertia
801 501 935 542 corrum-

102 569 133 640 pi
158 584 191 622 se
221 576 385 639 pateretur,
406 568 569 622 molestum
592 563 648 622 sibi
662 562 724 622 fore
740 565 777 621 ad
791 560 933 621 duritiem

101 657 372 721 paupertatemque
397 645 504 720 prioris
518 645 587 703 vitae
603 643 711 713 redire,
733 644 836 701 statuit
855 643 884 700 in
897 643 936 700 la·

100 726 173 782 bore
189 727 275 800 seque
291 724 425 800 gnaviter
437 743 472 782 ac
488 728 606 783 strenue
629 741 834 798 perseverare,
846 735 934 798 atque
1008 758 1013 812 q

102 805 157 862 hoc
186 806 317 872 decreto,
344 803 361 862 ὲ
384 817 475 862 strato
496 805 594 872 exilit,
610 805 760 880 citatoque
783 820 894 878 gressu
906 801 935 859 in
1012 813 1013 826 ¹

103 885 251 942 vestibulo
276 884 420 942 domicilii
447 885 627 942 obambulat.
679 881 796 941 lutered
820 884 933 954 Frtdoy
1012 897 1013 908 ¹

101 963 241 1022 ciborum
263 963 400 1040 reliquiis
424 965 453 1022 in
479 967 556 1022 celld
578 963 729 1039 sepositis,
754 965 933 1020 Rodtneorn'c

99 1043 198 1122 jussu,
212 1045 249 1103 ad
260 1047 355 1103 lamas
370 1047 548 1122 mulgendas
569 1044 638 1102 abit.
1012 1037 1013 1048 ¹

447 1228 586 1260 ῗ-Ὕιῧ

220 1363 368 1424 CAPUT
391 1363 604 1423 DECIMUM
627 1363 805 1423 NONUM.

99 1523 248 1583 Robinson
258 1528 455 1582 habitaculum
461 1529 551 1596 soced
565 1526 932 1594 numismate—Docet

137 1611 246 1660 socium
258 1603 438 1662 Germanice
449 1607 672 1677 loqui-Ambo
682 1607 933 1676 scafilumsadri-
1012 1607 1013 1612 ’

137 1703 205 1742 care
217 1696 363 1742 statuunt.

136 1845 304 1912 Nunounru
314 1846 393 1914 sane,
404 1862 443 1902 ex
453 1861 514 1920 quo
527 1846 603 1903 hunc
616 1844 646 1903 in
659 1844 788 1903 insulam
803 1845 935 1903 advene·
1012 1887 1013 1898 ,

97 1936 150 1994 rat,
165 1926 261 1982 laetior
275 1924 373 1982 fuerat
389 1927 565 1982 Robinsonis
581 1924 717 1986 conditio,
754 1925 822 1981 Huc
839 1943 935 1992 unum

95 2017 159 2064 erat
179 2005 224 2062 illi
243 2007 462 2073 metuendum*
476 2023 513 2061 ne
527 2003 644 2064 barbari
658 2015 881 2062 reverterentur
896 2007 934 2063 ad

94 2084 191 2142 socios
220 2087 407 2158 repetendos,
430 2085 509 2142 unde
530 2085 614 2143 novis
635 2085 827 2160 cruentisque
849 2103 931 2158 prae·
1012 2115 1013 2134 1

94 2164 142 2222 liis
158 2164 213 2221 sibi
226 2181 297 2221 cum
310 2164 346 2222 iis
360 2167 536 2224 certandum
550 2163 636 2223 foret.
669 2164 751 2235 Quin
763 2163 813 2220 illc
826 2167 936 2224 cohor·

94 2245 162 2314 ruit,
174 2245 246 2302 dum
258 2245 404 2320 cogitaret
412 2245 441 2303 in
452 2248 506 2304 hoc
519 2245 640 2320 ancipiti
652 2243 829 2302 discrimine
838 2263 933 2320 posse

94 2343 126 2382 se
141 2324 265 2392 versari,
274 2323 302 2381 in
314 2343 374 2400 quo
386 2325 443 2383 sibi
453 2326 639 2400 pereundum
653 2335 733 2383 esset
744 2333 798 2384 aut
807 2325 939 2402 sanguis

37 2467 38 2472 χ
93 2405 250 2462 hominum
263 2405 496 2480 profundendus.

133 2484 196 2540 Res
211 2484 304 2560 igitur
321 2487 488 2559 postulabat
503 2496 536 2543 ut
550 2485 587 2542 ad
609 2503 693 2543 suam
709 2483 805 2562 ipsius
828 2485 936 2544 delen·

92 2563 206 2621 sionem
222 2563 294 2620 nihil
309 2564 486 2622 intentatum
501 2564 693 2640 relinqueret.
729 2563 797 2624 Jam
813 2565 865 2626 diu
882 2569 938 2624 ha-

91 2643 258 2701 bitaculum
275 2661 364 2700 suum
379 2645 495 2702 castelli
519 2645 611 2702 instar
631 2644 749 2702 munire
764 2657 937 2720 optaverat;

91 2725 151 2782 huc
167 2739 264 2797 usque
279 2721 361 2790 verd,
383 2725 514 2798 quandiu
541 2725 656 2782 vixerat
671 2724 831 2792 solitarius,
854 2729 936 2785 hanc

92 2820 176 2878 spem
191 2799 308 2877 penitus
318 2802 478 2881 abjecerat.
502 2806 592 2862 Nunc
602 2816 715 2872 autem,
726 2801 797 2860 cdrn
810 2807 936 2863 adesset

91 2883 193 2940 socius
208 2881 327 2950 laboris,
342 2880 459 2940 facilius
474 2885 530 2940 hoc
542 2882 669 2960 aggredi
681 2883 788 2958 potuit.
820 2887 937 2961 ltaque

91 2963 200 3020 montis
215 2978 361 3018 cacumen
383 2963 555 3022 conscendit
577 2975 611 3020 ut
632 2962 828 3024 meditaretur
854 2983 936 3042 quo·
1012 2963 1013 3038 3
