2048 3288
315 253 468 312 nosrnsos
492 223 665 295 onusonus.
797 257 799 268 ’
865 245 905 296 te

117 347 213 416 Tum,
227 343 317 422 pullis
340 342 514 420 paulatlmel
534 345 730 406 matrislacte
751 343 906 402 desuefac-

75 426 127 496 tis,
141 427 233 501 eoepit
246 427 311 502 ipse
326 427 371 482 bis
385 423 516 500 quotidie
531 425 613 482 illam
629 427 778 500 mulgere3
802 443 908 482 vaseu-

76 507 177 564 lorum
189 506 284 563 vicem
297 507 325 565 ei
340 508 519 580 praestabant
532 506 683 579 putamina
695 521 837 566 cocossae.
846 507 906 562 lac-

76 587 177 661 tisque
191 604 265 644 usus
280 583 369 642 modd
382 585 490 652 dulcis,
501 581 589 642 modo
606 583 906 658 coagulatisolitudi-

75 684 147 723 nem
162 666 191 722 ei
213 663 301 740 longe
322 665 531 744 jucundiorem
548 663 628 722 lecit.

117 741 198 802 cum
214 747 301 806 arbor
322 751 455 802 cocoss'ae
478 739 532 802 tot·¹
543 755 698 818 tantasque
722 743 864 800 utilitates
878 743 908 802 ei

77 826 239 900 praeberet,
273 827 355 883 illam
391 841 558 900 propagare
591 826 771 898 magnopere
801 823 906 898 cupiit.

77 903 239 976 Quomodo
262 917 361 962 autem
391 906 446 960 hoc
473 902 617 961 efficeret?
661 903 828 960 Audiverat
855 905 906 960 ille

77 983 201 1058 quidem
216 985 370 1042 arboribus
384 985 516 1041 ramulos
530 984 620 1040 inseri
635 1001 731 1057 posse;
754 1001 906 1058 nunquam

77 1075 176 1120 tamen
202 1065 274 1120 bane
301 1077 395 1121 artem
418 1063 588 1119 discendam
613 1072 778 1119 curaverat.
823 1060 906 1120 Tum

78 1142 191 1217 saepitls
213 1143 368 1218 ingemuit:
405 1141 501 1200 Eheu!
525 1140 617 1217 queim
633 1143 708 1198 levis
726 1141 754 1198 in
776 1143 909 1216 pueritii-

78 1222 130 1290 fui,
145 1223 197 1298 qui
211 1224 348 1280 omnibus
363 1224 397 1279 ad
413 1223 575 1278 doctrinam
600 1221 783 1298 adjumentis
798 1222 841 1279 uti
855 1241 906 1278 no·

78 1301 199 1359 luerim!
223 1301 254 1359 Si
276 1303 348 1358 mibi
370 1301 478 1358 melitis
501 1302 731 1369 consuluissem,
748 1320 842 1358 nonne
863 1315 906 1359 at-

78 1383 240 1450 tendissem
251 1383 287 1438 ad
297 1400 331 1438 ea
340 1399 409 1456 quae
420 1379 481 1438 uim
493 1383 600 1448 oculis,
619 1393 682 1437 tum
695 1381 814 1438 auribus
829 1381 911 1438 meis

78 1460 324 1538 subjiciebantur?
360 1463 388 1518 O
412 1462 438 1517 si
459 1461 532 1518 mibi
553 1479 767 1534 repuerascere
792 1462 907 1529 liceret,

78 1542 188 1617 quantit
202 1559 260 1614 ego
277 1543 358 1605 curie,
369 1542 404 1596 ad
419 1541 516 1596 omnia
531 1558 600 1614 quae
618 1539 769 1596 bominum
786 1540 906 1597 solertid

78 1633 108 1678 et
128 1621 228 1677 labore
245 1619 451 1693 perficiuntur,
466 1618 598 1676 animum
616 1619 814 1676 adverterem!

119 1702 272 1755 Robinson
288 1699 379 1774 igitur
394 1716 423 1754 ut
439 1712 573 1774 optatum
589 1697 679 1755 linem
694 1704 907 1775 assequeretur

77 1781 191 1838 nullam
217 1778 305 1835 aliam
321 1777 463 1836 rationem
480 1778 562 1846 vidit,
574 1776 665 1854 quelm
689 1779 714 1836 si
740 1782 756 1836 ἐ
779 1781 906 1838 nucibus

78 1857 146 1936 ejus
161 1860 315 1916 nonnullas
336 1871 457 1922 sereret.
499 1857 567 1916 Hoc
581 1855 656 1936 ergd
672 1857 773 1916 lacere
796 1860 906 1916 consti·

76 1939 142 2006 tuit,
162 1935 332 2014 quanqueim
347 1937 404 1994 cibi
416 1941 490 1996 adeo
511 1937 615 1995 suavis
634 1950 663 1993 et
684 1939 742 1995 rari
757 1937 906 2015 jacturam

78 2021 161 2093 aegrd
175 2018 297 2075 ferebat.
338 2019 406 2074 Nec
427 2015 522 2074 multo
547 2029 625 2093 pust,
639 2021 748 2094 magnei
763 2037 832 2074 cum
856 2037 906 2076 vo·

76 2099 192 2172 luptate
204 2096 391 2172 erumpentia
410 2099 550 2172 quaedam
563 2097 770 2155 animadvertit
784 2098 907 2170 semine,

76 2196 158 2253 quae,
171 2177 317 2252 tepefacta
334 2195 455 2252 vapore,
475 2178 586 2236 mirum
609 2175 639 2234 in
661 2177 785 2236 modum
807 2179 906 2236 adole·

74 2269 193 2317 Vel'unl.

114 2337 322 2397 Lernamuter
343 2337 479 2414 pullique
499 2334 584 2395 brevi
607 2338 745 2395 eamdem
769 2354 906 2394 mansue·

74 2417 211 2476 tudinem
236 2417 388 2478 induerant
416 2421 477 2494 quit
497 2435 587 2475 canes
607 2418 700 2476 nostri
720 2434 786 2474 esse
802 2419 905 2476 solent.

75 2497 144 2554 Hos
158 2497 260 2572 itaque
277 2499 368 2574 coepit
382 2499 418 2556 ad
436 2516 509 2556 usus
530 2515 600 2556 suos
618 2497 794 2575 adjungere,
808 2497 905 2574 iisque

73 2576 282 2654 jumentorum
305 2581 372 2636 loco
397 2577 555 2636 commode
579 2577 635 2644 uti,
658 2577 776 2652 quoties
793 2577 906 2654 aliquid

76 2675 171 2734 grave
185 2669 235 2716 aut
247 2661 340 2733 suprb
355 2659 434 2716 vires
446 2655 573 2715 hominis
588 2657 756 2714 vehendum
772 2671 845 2716 erat.

114 2737 184 2796 lam
200 2737 318 2812 pridem
346 2741 509 2807 Robinson,
523 2735 593 2796 erlm
609 2747 690 2794 esset
711 2737 740 2794 in
762 2736 831 2805 otio,
845 2735 906 2794 ani·

75 2819 277 2874 madverterat
299 2828 419 2894 quantae
444 2815 499 2874 sibi
521 2817 597 2874 toret
612 2815 741 2882 utilitati,
763 2815 789 2871 si
810 2822 907 2869 artem

76 2896 212 2954 corbium
223 2899 419 2954 texendarum
433 2895 623 2974 intelligeret.
667 2895 701 2952 ln
716 2889 845 2966 pueritie
854 2903 906 2946 att·

75 2985 139 3034 tem
155 2979 210 3034 sub
235 2975 309 3035 oded
324 2978 412 3034 istam
427 2986 522 3034 artem
538 2977 728 3054 despuerat,
742 2980 774 3025 ut
788 2967 904 3026 nullum

76 3072 211 3133 unquam
219 3056 357 3117 corbium
370 3053 514 3134 opificem
527 3050 667 3124 attentius
678 3047 843 3108 consideres
