2068 3278
314 191 465 235 nostuson
486 191 653 232 oausoous.
827 173 889 229 ”iss

76 278 262 342 delicatiores
282 289 298 341 e
321 303 393 340 nave
419 284 517 340 afferri
537 282 632 358 jubet,
654 280 773 355 iaetiqoe
788 299 891 337 omues

75 363 242 420 lautissimo
257 364 387 420 convivio
405 363 526 418 recreat
543 363 617 416 s'unt.

116 442 231 499 Deinde
247 442 407 516 praefectus
424 445 614 495 Robinaanem
628 440 741 514 rogavit
752 439 890 514 quidnam

73 539 152 578 nunc
168 522 221 578 sibi
248 521 413 578 iaciendum
443 525 601 582 mandaret,
622 537 681 592 quo
695 517 750 590 ipsi
766 519 891 592 gratiam

75 602 270 674 persolveret.
322 599 402 656 Huic
432 601 593 654 Robinson:
619 613 729 671 praeter
757 601 891 654 basterna

75 679 230 753 promissa,
255 685 318 736 baec
340 681 394 734 tria
410 691 437 734 te
460 681 577 752 rogabo.
620 674 754 734 Priuitim
770 677 890 749 quidem

75 770 107 814 ut
123 757 169 813 bic
185 757 386 823 commoreris,
397 759 489 813 donec
502 771 585 830 pater
600 757 672 814 socii
689 756 747 811 mei
763 755 891 823 redierit;

74 850 139 892 turn
157 848 188 892 ut
203 853 251 892 me
267 853 408 910 meosque
424 836 451 892 in
466 855 538 892 nave
560 836 701 912 excipias
717 835 842 907 denique
861 847 893 891 ut

74 916 225 971 seditionis
237 917 405 971 auctoribus
418 916 531 971 veniam
548 917 704 974 condodes.
740 913 817 970 Haec
830 915 892 970 sola

75 995 176 1050 delicti
193 1011 277 1066 poena
292 993 367 1050 sitin
383 995 436 1050 bac
451 993 546 1051 insuia
559 995 665 1051 deseri.

116 1071 280 1152 Praefectus
295 1075 359 1128 itaeo
375 1086 458 1145 pacta
480 1087 683 1148 conventaque
707 1069 795 1144 quam
824 1073 892 1128 reli·

75 1151 243 1227 giosissimd
260 1162 445 1207 servaturum
468 1169 499 1206 se
519 1153 677 1226 pollicitus,
699 1153 830 1224 captivos
844 1155 893 1210 ad·

74 1231 143 1287 duci
158 1229 253 1305 jubet,
268 1229 464 1304 pessimisque
479 1248 582 1288 eorum
598 1230 758 1304 designatis
774 1247 890 1302 poenam

73 1309 234 1382 irrogatam
250 1308 413 1374 denunciato
437 1325 533 1383 neque
559 1312 600 1366 iiii
623 1309 684 1365 sine
712 1307 813 1365 iaetitiai
838 1311 891 1366 hoc

34 1397 37 1402 '
73 1387 240 1454 audierunt,
255 1387 362 1442 conscii
377 1388 488 1460 quippe
505 1389 639 1461 capitalis
654 1387 773 1443 admissi
785 1387 892 1444 facino·

74 1467 125 1524 ris.
169 1467 315 1520 Robinson
331 1483 382 1520 eos
398 1463 520 1539 benigne*
543 1468 641 1522 docuit
663 1467 810 1540 quomodo
833 1467 892 1523 ric-

72 1559 137 1602 tum
148 1556 328 1618 quaererent,
337 1543 453 1618 illisque
465 1563 512 1600 res
524 1547 592 1602 siras
603 1563 705 1601 omnes
718 1543 892 1602 reiictttrum

8 1645 11 1650 ·
73 1643 106 1682 se
123 1623 266 1696 promisit.

114 1703 198 1759 Dum
213 1719 313 1758 noster
328 1705 393 1759 haec
410 1703 550 1778 loquitur,
562 1707 670 1774 Friday
684 1722 792 1778 magno
802 1723 897 1778 cursu

70 1785 212 1839 anhelans
227 1782 336 1837 nuntiat
353 1797 466 1854 patrem
483 1798 552 1838 cum
572 1783 713 1855 Hispanis
727 1784 893 1842 advenisse.

72 1861 183 1918 Cuncti
197 1860 289 1934 igitur
300 1859 358 1916 iliis
372 1862 486 1918 obviam
499 1873 665 1935 properant.
707 1863 818 1933 Friday
833 1881 892 1920 cae·

71 1953 156 1998 teros·
169 1949 350 2011 praevertens
365 1940 392 1994 in
402 1942 561 2013 ampiexus
578 1941 665 2013 patris
679 1953 890 2014 praecurrerat.

72 2021 222 2074 Robinson
238 2035 293 2073 non
308 2018 371 2074 sine
386 2018 575 2074 admiratione
593 2022 665 2075 duas
688 2021 829 2076 mulieres
852 2021 894 2078 in·

69 2112 117 2155 ter
131 2098 259 2151 advenas
274 2098 439 2169 conspexit;
459 2099 685 2172 Boarinicuaque
696 2099 894 2172 interrogatus

69 2179 157 2234 docet
172 2193 281 2232 uxores
295 2193 361 2231 esse
375 2177 502 2233 duorum
526 2178 736 2252 Hispanorum,
751 2195 825 2252 quas
851 2179 894 2235 iiii

68 2255 178 2330 inipsti
192 2254 313 2329 regione
331 2267 531 2329 susceperant.
552 2274 554 2280 ·
576 2257 614 2311 iii
639 2254 707 2312 verb
722 2259 771 2312 ubi
794 2254 900 2314 audie-'

68 2347 137 2391 runt
156 2335 346 2386 Robinsonem
363 2344 431 2389 mox
449 2334 661 2408 proiecturum,
680 2337 894 2410 nonnullosque

66 2412 203 2484 remiges
225 2412 252 2465 in
267 2411 363 2468 insuia
378 2415 551 2469 relicturum
567 2433 644 2480 esse,
670 2429 847 2488 rogaverunt
861 2428 895 2472 ut

69 2493 124 2548 sibi
139 2508 257 2563 quoque
273 2492 377 2545 liceret
391 2492 420 2548 in
437 2496 471 2548 eti
486 2509 648 2560 remanere5
665 2511 695 2547 se
708 2511 785 2548 earm
801 2495 895 2552 omni·

68 2573 125 2626 bus
140 2569 247 2626 auditis
269 2587 337 2642 quae
360 2571 408 2626 aiii
431 2587 665 2628 memoraveram
684 2572 893 2648 jucundiorem

67 2647 88 2706 ii
102 2652 120 2704 a
136 2650 189 2702 sibi
204 2649 305 2703 sedem
319 2667 375 2704 non
390 2659 500 2721 optare.
542 2649 660 2718 Quibus
679 2651 818 2723 precibus
835 2653 894 2706 Ro-

68 2732 171 2783 binson
187 2725 285 2780 annuit
301 2726 503 2794 libentissimd3
518 2729 664 2800 gaudebat
678 2731 826 2803 imprimis
841 2735 893 2788 du·

67 2825 101 2861 os
118 2807 160 2860 itit
179 2810 311 2876 „pomata
328 2809 468 2877 probitate
485 2808 562 2862 viros
578 2808 755 2883 reiinquere.
787 2809 895 2882 Spera·
950 2819 954 2834 ⁴

66 2887 115 2940 bat
133 2884 210 2940 enim
227 2883 288 2941 iore
304 2897 336 2941 ut
358 2903 462 2944 eorum
477 2889 568 2960 opera
587 2899 617 2942 et
631 2889 772 2962 exemplo
792 2887 895 2964 caeteri
