2068 3278
335 159 489 211 ιιοιιιιιιοιι
511 153 923 205 curacenses

14 233 16 322 l
98 255 128 315 di
132 273 248 338 posse3
269 252 423 330 nunquam
437 271 527 312 mauu
550 252 689 327 tetigerat
706 269 816 328 aquam
837 251 927 313 fervi·

96 321 292 410 eremitaque
306 353 363 392 non
378 334 475 410 potuit
483 333 652 408 intelligere
664 350 733 408 quae
746 351 837 392 causa
846 347 926 394 esset

97 417 207 475 doloris
218 415 285 494 ejus
299 433 391 490 quem
405 429 496 470 manu
506 413 535 470 in
546 429 654 488 aquam
665 413 809 472 immersis
822 415 925 473 sensit.

97 496 170 554 Sic'
162 497 256 573 agitur
268 495 389 572 magica
374 495 527 586 quidam
537 505 601 550 arte
613 493 669 548 hoc
681 491 747 550 fieri
756 495 926 553 dominum·

94 593 154 652 que
183 593 308 651 magum
336 590 405 630 esse
426 572 618 631 existimavit.
670 575 818 628 Robinson
844 575 925 650 aegrd

96 656 230 714 animum
251 654 324 713 socii
346 655 451 711 sedare
481 653 569 729 eique
585 653 765 728 persuadere
781 655 877 727 potuit
892 669 926 714 ut

96 733 194 794 denud
209 735 292 792 carni
312 751 385 792 veru
408 735 561 794 versandae
578 733 732 790 assideret.
776 734 832 790 Ille
843 753 924 792 man·

96 813 164 874 dato
189 815 309 872 tandem
330 815 502 880 obsecutus,
523 815 614 870 ollam
635 831 693 870 non
716 812 778 870 eine
794 815 926 872 horroris

95 899 225 972 quodem
241 911 343 985 sensu,
354 893 509 950 dominum
525 891 597 949 verb
612 911 703 968 quem
717 895 926 954 humanacon·

95 974 205 1034 ditione
223 973 374 1052 majorem
394 990 473 1030 nunc
493 971 617 1048 putavit,
638 973 742 1036 timidlt
755 991 824 1030 cum
841 993 925 1034 rere

95 1055 190 1112 rentii
203 1054 422 1128 contemplatus
436 1064 491 1111 est.
520 1051 744 1128 Quamquidern
756 1054 926 1128 opinionem

14 1197 15 1212 χ
94 1136 180 1192 albus
207 1135 299 1202 colon
329 1133 536 1208 promissaque
558 1133 648 1190 barba
663 1133 752 1191 etiarn
768 1133 926 1194 confirma·

94 1216 172 1271 bant.
213 1213 292 1271 Haec
317 1213 396 1268 enirn
419 1213 631 1271 efficiebantut
655 1217 806 1269 Robinson
822 1216 925 1290 specie

94 1294 155 1351 oris
177 1291 263 1368 longd
284 1292 418 1350 differret
440 1291 556 1350 alsacio
570 1291 698 1370 ejusque
721 1295 926 1368 popularibus,

93 1372 215 1430 fuscum
237 1373 369 1430 colorem
391 1385 421 1428 et
441 1374 609 1430 imberbem
625 1376 739 1431 vultum
762 1373 925 1448 praefereu-

94 1454 183 1512 tibus.

136 1533 204 1591 Jam
228 1530 299 1590 verb
324 1530 483 1608 prandium
511 1541 649 1606 paratum
677 1543 750 1589 erat.
790 1533 924 1606 Quanto·

96 1613 166 1690 pere
183 1615 336 1668 Robinson
359 1611 464 1670 calidis
477 1620 508 1668 et
529 1610 692 1688 pinguibus
707 1612 780 1671 cibis
795 1615 925 1674 delecta·

95 1706 145 1751 tus
160 1693 197 1750 sit
218 1691 306 1750 facile
321 1705 367 1750 est
383 1691 563 1768 intelligere.
604 1693 635 1750 N
638 1709 694 1748 unc
709 1711 830 1786 quoque
847 1699 926 1754 cala·

94 1773 235 1831 mitatum
254 1771 477 1846 praeteritarum
491 1772 601 1830 oblitus
616 1771 714 1828 sibim
729 1773 827 1830 animo
839 1773 925 1852 lingit

92 1851 156 1931 jam
171 1870 228 1910 non
242 1852 380 1910 deserta'
373 1870 402 1908 ιιι
417 1850 522 1920 insula,
537 1851 612 1908 sed
604 1869 634 1909 ιιι
647 1851 769 1927 regione
778 1851 925 1944 frequen·

94 1934 211 1991 tissima
231 1951 263 1989 se
284 1933 405 1990 versari
448 1930 499 1990 Sic
523 1931 612 1989 animi
633 1931 784 1989 vulnera
776 1947 926 2008 insperato

94 2016 225 2090 quodam
242 2013 353 2088 gaudio
376 2011 472 2088 sanari
489 2013 594 2081 solent,
607 2013 664 2070 etsi
678 2011 729 2068 illa
744 2014 930 2090 plerumque·

92 2092 264 2152 insanabilia
279 2105 428 2166 putamus.
548 2150 550 2155 ,

134 2172 261 2231 Prandio
276 2171 413 2228 coniecto
435 2173 587 2227 Robinson
602 2172 728 2230 secessit
742 2183 775 2230 ut
790 2173 827 2230 de
842 2191 925 2248 pros-

93 2255 168 2329 peri
192 2270 294 2310 rerum
316 2269 440 2308 suarum
466 2252 701 2311 commutatione
729 2271 835 2311 secum
859 2253 926 2330 ipse

92 2332 301 2391 meditaretur.
343 2333 371 2390 N
377 2350 435 2389 unc
460 2332 561 2389 omnia
581 2333 609 2390 ei
623 2331 754 2390 arridere
770 2333 831 2391 visa
846 2346 924 2392 sunt.

94 2412 220 2488 Quippe
240 2411 292 2486 qui
315 2411 459 2489 jamnon
484 2424 564 2468 esset
589 2415 678 2471 homo
703 2414 853 2471 solitarius
878 2434 925 2474 so·

93 2493 203 2585 cloque
228 2493 384 2568 gauderet,
402 2492 528 2568 quicum
550 2495 682 2550 nondum
697 2493 820 2568 quidem
834 2497 925 2552 collo·

93 2573 158 2648 qui,
185 2575 238 2628 sed
260 2590 299 2628 ex
328 2573 420 2651 cujus
440 2572 654 2630 consuetudine
675 2575 806 2632 multum
829 2575 926 2633 solatii

92 2652 223 2728 opisque
238 2651 345 2708 licebat
360 2664 532 2745 expectare.
577 2698 580 2705 ι

137 2731 178 2790 Ει
192 2749 265 2790 vero
281 2733 422 2808 cogitanti
444 2732 524 2790 venit
537 2731 682 2807 quidem
674 2751 703 2789 ιιι
723 2743 859 2790 mentem
881 2717 926 2790 ri·

33 2867 36 2872 .
93 2823 158 2870 tam
186 2813 311 2869 mollem
333 2825 424 2888 atque
450 2810 575 2868 otiosam
601 2830 704 2888 agere,
724 2813 819 2871 dum'
813 2808 927 2870 interea
1006 2812 1008 2820 ’

94 2891 231 2964 Fttdoy
221 2891 341 2970 juvenis
356 2893 567 2966 roboamque,
575 2891 612 2948 de
628 2909 688 2967 quo
701 2887 851 2966 praeterea
863 2900 925 2948 tam

91 2969 171 3034 ben&
185 2971 314 3031 meritus
335 2971 432 3032 fuerat
460 2982 493 3028 ut
514 2988 586 3030 eum
607 2970 664 3028 sibi
683 2969 866 3028 famulum
855 2985 918 3046 Ju

489 3069 510 3106 ιι
