2048 3288
114 169 147 219 16
341 179 498 220 noarnsou
520 183 692 225 onusotaus.

109 271 150 329 ita
174 270 235 329 rim
256 287 375 328 omnem
398 269 516 346 frigoris
537 277 695 332 retundunt
721 273 931 344 clementiores

109 353 180 408 sniis
195 349 269 407 radii
283 350 448 426 mollesque
470 351 652 411 famulorum
673 352 778 409 enimae
801 371 930 428 quarum

109 429 235 488 flabellis
246 429 642 507 regiototacireumqudque
652 431 818 491 ventilatur.
840 431 931 492 Erant

108 509 138 566 in
153 510 257 574 oculis,
271 506 361 585 qualm
378 509 463 584 longe
479 513 596 584 patebat
610 521 796 586 prospectus,
811 524 931 587 segetes

109 587 138 645 in
154 587 234 662 agris
257 585 330 644 bene
353 588 513 662 pinguibus
535 591 663 657 diffusae,
687 590 761 668 juga
784 593 930 650 montium

109 668 254 724 continuis
269 667 377 724 vitibus
393 669 512 724 consita.
538 667 581 726 Ut
593 671 756 728 arridebant
770 669 932 726 Robinaont

108 759 208 803 nostro
223 748 383 821 pendentes
398 747 519 804 racemi!
542 751 570 804 ()
587 753 690 824 quales
703 747 754 805 ille
769 748 931 812 hanstede-

108 825 202 892 licias‚
217 823 287 882 ctlm
304 823 465 900 praelectus
480 845 540 884 aere
554 829 622 886 dato
636 827 805 902 impetravit
826 839 859 885 ut
882 827 931 906 ju·

109 906 176 962 veni
192 905 294 962 liceret
316 905 382 961 uvis
403 922 457 979 pro
479 906 596 963 libidine
620 907 726 964 satiari.
768 905 930 983 Postquam
1010 943 1011 946 =

108 983 150 1042 ibi
163 983 345 1060 aliquantum
360 986 504 1058 temporis
519 999 650 1044 moratus
664 995 745 1044 esset
759 985 841 1042 naris
863 985 931 1043 reli·

109 1063 221 1124 ciendae
238 1067 338 1132 cauea,
353 1065 511 1122 anchoram
529 1066 624 1124 solvit.
1010 1063 1011 1070 ’

150 1145 208 1200 Per
222 1149 324 1219 plures
338 1144 490 1201 continuos
504 1143 567 1201 dies
582 1143 754 1203 felicissimo
771 1161 862 1202 cursu
883 1145 932 1203 usi

108 1237 186 1282 eunt.

146 1305 189 1359 At
203 1318 277 1358 ecce
293 1301 414 1376 repente
429 1303 591 1362 vehemens
603 1314 767 1379 tempestas
781 1305 817 1362 ab
831 1315 932 1362 austro

104 1381 207 1440 oritur.
250 1379 434 1456 Spumabent
449 1381 569 1448 fluctus,
583 1397 613 1456 et
627 1384 655 1440 in
674 1383 849 1441 immensam
866 1403 931 1444 sut·-
1010 1435 1011 1446 ,

106 1464 216 1538 gebant
232 1457 424 1519 altitudinem.
467 1461 564 1519 Naris
586 1475 685 1521 tamen
709 1464 788 1520 stetit
811 1464 930 1536 invictae
1010 1521 1011 1526 ,

107 1542 159 1598 sed
175 1538 244 1598 erlm
260 1555 314 1596 sex
337 1542 401 1596 dies
415 1540 568 1599 continues
589 1554 674 1600 atrox
689 1551 852 1618 tempestas
875 1561 931 1602 sae·

106 1619 218 1684 viissen
232 1617 282 1676 illa
294 1631 352 1676 tarn
366 1617 453 1694 longe
464 1618 481 1677 d
493 1619 540 1678 vie
550 1621 667 1697 dejecta
680 1632 735 1689 est,
747 1633 778 1679 nt
789 1640 843 1679 nec
854 1641 931 1697 prae-

105 1695 212 1766 fectus,
232 1715 287 1754 nec
303 1699 482 1774 gubernator
495 1699 624 1773 amplius
644 1699 844 1778 intelligerent
858 1721 932 1778 quo·-

105 1794 173 1834 natn
189 1775 218 1836 in
234 1777 301 1834 loco
315 1789 512 1834 versarentur.
550 1781 776 1836 Arbitrabantur
787 1791 885 1837 tamen
897 1799 931 1839 ee

107 1857 143 1914 ab
158 1855 262 1914 insulis
272 1874 340 1932 quae
360 1857 496 1912 Ceratae
508 1873 649 1916 vocantur
663 1875 719 1915 non
733 1858 858 1916 multrlm
872 1861 932 1918 ‹lis-

106 1946 178 1992 tare.
220 1935 355 2010 Septimo
371 1947 469 1991 autem
485 1937 543 2001 die,
564 1936 633 1994 ctlm
659 1937 789 2012 primtlm
811 1939 933 1997 illuces-

107 2028 200 2083 ceret,
224 2013 350 2072 &nautis
372 2015 503 2090 quidam,
527 2015 636 2090 ingenti
662 2017 794 2073 omniurn
822 2019 933 2088 taetiua,

107 2107 217 2152 terram
234 2093 382 2151 inclamat!
406 2095 488 2150 Tum
502 2113 605 2151 nmnea
619 2095 647 2151 in
663 2107 778 2170 stegam
791 2113 934 2154 conscen-

107 2173 179 2230 dere
194 2173 285 2232 visuri
301 2192 437 2249 quaenam
457 2173 493 2229 sit
509 2184 586 2232 terra
600 2175 649 2231 illa
664 2177 698 2231 ad
714 2193 804 2250 quam
825 2179 935 2251 appul-

108 2255 169 2310 suri
185 2267 262 2320 sunt3
285 2256 335 2310 sed
352 2271 428 2310 nunc
444 2253 546 2310 laetitia
567 2255 595 2311 in
610 2273 762 2311 summurn
787 2266 934 2314 terrorem

107 2345 220 2390 mutata
245 2347 299 2390 est.
344 2331 426 2390 Ecce
451 2334 529 2390 enim
554 2333 638 2389 navis
663 2332 846 2408 impingitura
871 2353 935 2410 quo

107 2411 169 2474 ictu
185 2413 235 2487 qui
251 2416 364 2470 stabant
375 2412 404 2468 in
419 2415 504 2487 stege
518 2412 640 2469 excussi
651 2430 755 2468 omnes
770 2414 853 2487 plane
867 2433 936 2472 cor-

108 2501 242 2548 ruerunt.

150 2571 270 2626 Scilicet
284 2570 364 2626 navis
379 2569 405 2626 in
420 2581 530 2643 syrtem
545 2581 605 2626 tam
625 2570 792 2628 vehementi
814 2569 934 2644 impetu

108 2649 191 2708 allisa
217 2662 289 2718 erat,
313 2663 344 2707 ut
365 2655 493 2708 ltaereret
518 2648 602 2723 qnasi
626 2649 722 2708 affixa.
764 2648 935 2709 Confestim

109 2726 181 2785 verb
198 2728 306 2785 linctus
328 2740 501 2800 spumantes
522 2740 629 2786 tantam
649 2729 708 2785 vim
723 2747 809 2804 aquae
825 2727 853 2786 in
873 2740 934 2785 ste·

108 2827 177 2884 garn
203 2806 406 2881 profuderunt,
431 2820 462 2863 ut
477 2810 613 2864 omnibns
628 2808 655 2864 in
678 2809 816 2866 eubiculo
841 2807 935 2866 luerit

109 2887 352 2966 confugiendum,
365 2905 401 2944 ne
415 2885 472 2961 ipsi
486 2886 698 2963 abriperentur.
