2068 3278
38 199 41 207 '
114 205 152 255 80
358 215 511 260 nontusou
533 217 703 268 onusotenr.

152 305 243 364 Hsnd
265 305 394 365 absimili
417 307 530 368 ratione
545 309 633 383 primi
654 325 746 385 reges
760 307 840 382 apud
862 325 942 366 mor·
1013 317 1016 324 ’

110 387 187 444 tales
201 386 338 444 extitere.
381 387 450 446 Viri
463 405 572 462 nempe
583 386 703 446 luerunt
717 388 872 463 sapientie,
884 386 944 446 lor·

111 464 235 526 titudine
250 477 340 542 etque
355 466 491 542 corporis
505 470 610 526 robore
626 469 743 528 caeteris
757 467 944 543 praestantio-

111 561 169 602 res.
213 547 317 622 ltaque
331 546 521 615 infirmiores,
535 560 568 604 ut
584 566 616 605 se
628 550 664 605 ab
679 548 795 623 impetu
809 547 942 606 ferarum

111 626 221 702 quibus
235 627 318 684 initio
329 639 418 686 terrae
435 625 598 703 plurimdm
611 626 832 694 infestabantur,
843 640 894 685 aut
905 629 943 686 ab

110 705 220 784 injurii
236 707 323 784 vique
341 705 494 766 bominum
510 726 543 765 se
557 707 760 776 defenderent,
778 705 943 783 confugere
1015 775 1016 786 χ

110 787 148 846 ed
160 787 334 862 potentioris
348 789 505 846 auxilium.
549 787 679 864 Proque
694 788 846 862 praesidio,
860 806 892 844 se
907 805 944 846 es
1015 787 1016 836 ι

110 884 179 943 quae
192 867 372 942 imperasset
384 867 516 926 lecturos
529 867 654 942 polliciti
669 877 746 938 sont,
759 869 951 944 daturosque·
973 940 976 946 Ι
1012 925 1014 928 .

110 947 266 1024 quotannis
280 961 394 1006 certem
409 949 446 1005 de
461 947 608 1006 fructibus
622 966 764 1024 agrorum
780 959 895 1024 partem
911 959 945 1006 ut

110 1028 236 1101 patroni,
259 1027 369 1103 quibus
382 1046 438 1087 non
462 1039 542 1086 esset
562 1029 760 1104 quaerendum
783 1029 861 1086 unde
884 1029 944 1104 ipsi

110 1106 288 1175 victitarent,
297 1109 350 1168 toti
360 1119 459 1166 essent
469 1107 498 1166 in
507 1109 602 1166 salute
612 1109 799 1167 subditorum
810 1126 944 1184 propug-

110 1188 216 1246 mode.
258 1187 464 1264 Quaequidem
485 1187 604 1247 donaria
625 1185 944 1265 regitisubditis‘quu·

110 1265 205 1326 tennis
226 1267 391 1336 tribuenda,
412 1269 523 1326 tribute
545 1279 648 1325 vocato
672 1282 749 1327 sunt.
792 1269 873 1326 Hinc
898 1285 945 1326 re·

112 1364 186 1423 gum
210 1359 352 1421 potestne,
375 1356 406 1406 et
427 1365 510 1424 opes,
533 1349 601 1406 binc
616 1348 760 1425 obsequie
783 1349 946 1426 debitaque

111 1426 308 1486 subditorum.
809 1452 812 1471 ι

150 1505 218 1566 Jam
245 1511 314 1566 verd
340 1508 492 1566 Robinson
516 1525 570 1566 rex
594 1505 659 1566 suit.
699 1509 823 1584 Quippe
847 1509 944 1568 insule
1015 1519 1016 1578 ζ

110 1596 174 1646 etat
189 1605 243 1662 pro
256 1605 361 1664 regno,
375 1588 480 1648 Lamae
491 1587 668 1664 fructusque
681 1607 735 1663 pro
748 1588 862 1655 aerario,
876 1591 944 1646 Fri·

111 1670 167 1738 day
182 1685 239 1742 pro
249 1668 377 1736 subdito,
390 1669 478 1727 unico
492 1667 616 1744 quidem
629 1669 681 1726 sed
692 1669 858 1737 carissimo,
873 1669 945 1744 psit·

110 1761 258 1823 tectisque
273 1765 328 1824 pro
342 1747 450 1818 aulico,
462 1751 515 1807 sed
529 1747 592 1804 fere
607 1747 712 1806 inutili.
755 1749 871 1807 Placuit
886 1767 944 1808 sae·
1014 1761 1015 1780 ³

111 1828 229 1904 peregi
244 1829 279 1886 sd
294 1828 446 1888 subditum
469 1845 566 1904 usqne
584 1829 777 1895 descendere,
797 1827 944 1905 queuttlm

111 1908 196 1985 regia
209 1909 340 1983 dignitas
353 1919 515 1984 pateretur.

150 1989 247 2047 Coend
259 1988 404 2058 conlectd,
423 2005 478 2046 rex
492 2007 587 2046 novus
600 1991 637 2046 de
653 1988 801 2063 cubiculis
815 1988 870 2046 rite*
884 1988 944 2048 dis·

111 2068 255 2146 ponendis
277 2068 412 2126 mandata
431 2068 522 2126 dedit.
566 2067 676 2130 Partim
698 2072 768 2128 send
791 2070 944 2126 Robinson

110 2148 297 2208 considerate
311 2145 436 2226 egisset,
458 2149 483 2206 si
497 2150 581 2208 socio
596 2151 648 2226 qui
673 2164 734 2207 tem
760 2146 844 2207 brevi
867 2158 945 2208 tem·

110 2241 242 2308 peretot
264 2244 390 2287 munere
411 2229 540 2304 adeptus
564 2243 637 2298 eret,
659 2229 773 2306 quippe
789 2229 842 2304 qui
865 2241 946 2288 esset

111 2311 250 2368 subditus
264 2309 344 2366 idem
359 2317 391 2365 et
405 2307 549 2377 minister,
564 2311 683 2385 legatus
697 2324 728 2368 et
747 2309 846 2376 mites,
868 2323 946 2383 prae·
1011 2363 1012 2370 ,

110 2390 208 2448 fectus
222 2389 379 2464 copiarum
394 2399 424 2444 et
436 2389 559 2459 aedium,
573 2390 608 2459 ei,
622 2389 754 2466 inquam,
768 2390 879 2446 homini
894 2407 947 2446 no·
1011 2405 1012 2442 t

111 2489 150 2528 vo
162 2487 218 2527 nec
230 2469 301 2528 setis
312 2471 445 2544 probato,
458 2487 563 2528 secum
579 2469 607 2527 in
619 2473 726 2528 eddom
742 2471 887 2544 speluncd
901 2486 948 2526 re·
1011 2445 1012 2534 i

111 2548 238 2607 cubandi
254 2549 406 2607 licentiam
420 2549 561 2607 dedisset.
604 2548 724 2608 Etenim
737 2567 792 2608 non
808 2548 879 2607 setis
898 2561 947 2606 tu·
1010 2571 1011 2594 ι

111 2639 176 2686 tum
192 2627 295 2684 hebuit
319 2628 410 2687 vitam
432 2646 518 2687 suem
538 2647 719 2706 caecutnqne
741 2631 946 2687 subterraneae

110 2707 169 2767 viae
183 2707 302 2764 exitum
317 2709 441 2765 credere
455 2707 581 2768 externo
595 2721 625 2768 et
646 2709 822 2786 alienigenae
841 2709 879 2765 de
895 2727 948 2767 cu·

109 2788 161 2868 iun
186 2786 329 2846 fidelitate
353 2787 484 2844 nondum
511 2791 609 2848 adhuc
634 2791 769 2864 spectata
790 2807 846 2846 non
873 2788 948 2847 setis

111 2869 272 2926 constabat.
313 2867 420 2941 tuque
431 2863 555 2943 jubetur
566 2871 680 2942 Friday
690 2881 724 2928 ut
739 2869 877 2927 idoneam
891 2866 949 2926 soe·

109 2947 141 3008 ni
155 2947 273 3026 copiam
288 2945 318 3006 in
332 2961 456 3008 ceream
473 2958 664 3025 transportet,
678 2947 796 3026 sibique
810 2947 878 3008 inde
896 2966 948 3024 pe·
