2068 3278
322 259 475 299 noumsou
497 257 664 298 consonus.
679 233 688 246 ²
845 247 894 297 141

81 349 128 417 tis,
141 351 246 404 Arkina
262 361 398 422 excepto.
441 347 562 404 Scilicet
576 347 626 402 itte
638 343 786 402 seditionis
800 347 898 404 conci·

82 437 126 485 tor
140 427 243 482 for-rat,
284 427 365 483 Tum
390 427 516 484 universi
539 423 635 482 statim
658 441 739 480 arma
762 425 898 502 aincere.

83 509 187 562 Arkina
199 520 297 562 autem
310 507 490 566 exclamans,
504 502 679 578 praetectum
693 504 854 560 obtestatur
865 515 899 562 ut

82 587 134 644 sibi
151 597 254 657 parcat·
274 585 477 658 ignoscitque,
499 595 657 639 commune
676 599 741 636 esse
765 584 897 640 onmium

82 668 188 720 scetus.
211 659 375 720 Praefectus
391 667 557 734 respondet,
573 679 614 718 se.
629 662 706 735 quod
724 677 815 717 unum
832 681 898 736 poc·

81 755 134 808 oet,
147 739 343 816 procuratoris
356 757 423 797 eum
434 738 601 798 clementiae
612 742 897 810 commendaturum
948 759 951 766 ¹

81 824 159 897 quod
172 819 213 877 iili
228 821 373 895 placuerit
382 831 534 892 expectet.

121 899 189 970 Quo
204 900 288 962 facto,
310 897 420 967 Fridap
436 917 505 956 cum
527 897 623 954 nautis
636 899 671 955 ad
686 897 752 955 iilos
773 899 899 956 vincien-

81 981 133 1036 dos
149 979 280 1035 mitt-itur.
310 975 375 1033 Jam
394 979 542 1032 Robinson
556 978 607 1051 qui
625 980 821 1050 procuratoris
835 997 900 1051 per·

82 1077 181 1114 sonam
197 1059 312 1130 agebat,
327 1056 454 1112 accessit
467 1073 535 1112 cum
552 1055 702 1132 praeiecto.
726 1057 784 1114 Hic
800 1068 900 1114 autem

81 1139 117 1192 de
133 1137 256 1209 captivis
278 1151 328 1190 eos
343 1135 435 1208 etegit
450 1136 558 1208 quibus
573 1151 637 1191 eam
661 1147 775 1194 naturae
792 1138 899 1194 bonita-

80 1226 141 1272 tern
151 1227 271 1272 noverat
287 1212 411 1286 utipsos
426 1216 547 1270 sceleris
562 1214 713 1270 commissi
727 1214 794 1272 verd
807 1213 899 1290 poeni·

80 1294 208 1360 terren-hi
222 1293 257 1348 ad
269 1309 379 1350 arcem.
393 1293 496 1350 caeteri
510 1294 544 1349 ad
558 1295 727 1366 spetuncam
743 1295 899 1350 ducuntur.

80 1373 129 1432 Ex
145 1372 180 1429 iis
193 1371 243 1446 qui
257 1374 284 1428 in
298 1381 413 1427 antrum
430 1369 514 1428 antcai
525 1369 651 1448 conjecti
667 1384 747 1428 erant
761 1375 835 1429 duos
846 1371 899 1430 eti·

79 1469 127 1510 em
143 1451 268 1508 adduei'
258 1450 356 1527 jussit,
366 1451 402 1506 de
413 1451 522 1540 quibus
536 1452 606 1506 bene
621 1467 739 1526 quoque
754 1453 898 1524 sperabat.

30 1533 32 1542 ⁴
77 1529 240 1604 Quomodo
254 1540 353 1586 autem
376 1542 447 1586 cum
461 1529 521 1586 ittie
540 1529 636 1604 egerit
657 1540 687 1586 et
705 1547 774 1605 quae
798 1527 899 1633 posteri

78 1607 251 1679 acciderint,
263 1619 353 1668 restat
366 1619 400 1666 ut
413 1620 556 1666 narretur.

423 1789 560 1822 ’.ἱ-ἘΞ

166 1935 172 1944 ’
257 1925 404 2014 ΟΑῙΨΤ
425 1922 717 1983 TRIGESIMUM.

78 2087 221 2141 Fundam
242 2081 550 2140 cotonaa.-ttobinson
569 2087 705 2155 relinquit
725 2088 899 2140 incolam.-

123 2165 208 2234 Quod
220 2165 322 2218 occidit
332 2167 360 2215 in
372 2167 500 2228 patrium
516 2161 844 2232 redeunti-Quomodo
856 2169 899 2220 ui·

121 2253 181 2298 tam
194 2243 296 2296 deinde
309 2235 459 2294 moeream
474 2251 502 2294 er
516 2243 626 2296 beatam
641 2244 730 2314 degn.

120 2397 248 2472 Qomus
259 2400 346 2472 culpa
356 2396 479 2454 remissa
494 2395 598 2460 fuerat.
612 2397 640 2454 hi
653 2410 717 2456 ante
729 2417 828 2457 arcem
840 2399 900 2458 coi·

76 2480 161 2540 lecti,
176 2481 280 2535 decem
295 2493 419 2532 numero
432 2488 521 2533 erant.
563 2477 710 2533 Rodtneon
730 2490 901 2552 procurato·

77 2557 263 2620 nonomine,
283 2557 401 2630 qualem
417 2573 485 2612 eum
505 2571 572 2611 esse
587 2557 740 2619 ducebant,
762 2559 901 2626 declarat,

77 2640 116 2694 ea
141 2637 239 2709 iege'
233 2653 313 2707 ipsos
337 2633 485 2690 seditionis
510 2635 623 2690 veniam
641 2637 847 2708 impetraturos
868 2645 900 2694 ut

77 2733 115 2789 pr
119 2713 257 2772 aefectum
282 2712 476 2780 teuitimum
469 2731 496 2770 m
517 2715 716 2788 recuperanda
729 2733 801 2772 nave
817 2715 900 2792 adju-

78 2805 157 2852 vent.
199 2792 277 2862 Quae
300 2791 441 2848 sententia
455 2792 543 2850 etiam
561 2795 683 2866 captivis
704 2796 900 2851 denuntiatur

78 2871 164 2928 Tum
191 2871 322 2944 utrisque
345 2871 467 2943 captivis
490 2873 622 2929 simulet
646 2874 743 2928 liberis
759 2872 815 2930 uua
831 2889 900 2930 con·

22 3011 24 3018 s
78 2951 216 3008 versandi
232 2949 316 3022 copia
330 2951 394 3004 data
410 2963 464 3014 est,
476 2964 507 3006 ut
522 2969 588 3006 sese
604 2949 707 3008 mutud
723 2952 750 3005 in
765 2949 821 3008 tide
837 2969 887 3008 ser

78 3030 176 3087 randi
188 3028 401 3095 confirmarent,
413 3026 483 3098 cuim
496 3032 561 3086 haec
572 3033 633 3087 sola
644 3030 775 3088 sontibuo
786 3044 850 3107 patr
