2068 3278
111 275 165 328 rot
368 281 524 324 noarnsoar
545 279 717 324 otrusoeua.

105 378 154 438 tis.
196 355 290 435 Illum
302 373 419 434 scilicet
439 373 563 454 juvabat
578 392 616 432 ex
632 373 726 434 ardua
741 370 942 448 potissinnlm,
1032 363 1033 366 ¹

106 457 282 532 crebrisque
311 454 452 514 fluetibus
474 456 628 512 verberata
648 471 724 529 rupe
750 469 783 509 se
804 452 943 528 praecipi·

106 547 170 598 tem
186 539 268 605 dare,
283 535 451 611 superfusis
462 526 605 593 ductibus
621 533 786 601 conditum,
800 549 944 610 moxque,

1 623 2 626 ’
109 627 249 693 stupente
272 627 302 674 et
330 615 420 674 anxio
444 617 620 681 Robinsone,
646 611 745 672 aubitb
773 629 945 688 emergere,

109 695 261 776 uariisque
277 697 375 753 modia
390 703 502 771 corpus
515 693 639 768 agitare.

152 779 221 836 Nec
251 777 402 832 Robinson
425 773 496 832 satis
516 773 619 832 mirari
643 771 739 848 potuit
760 769 946 832 hominemd

1 869 2 908 ἲ
108 859 214 918 natura
225 866 266 913 tot
280 867 311 914 et
325 867 419 913 tantas
433 853 592 912 facultates
604 855 743 912 sortitum
754 869 832 921 esse,
846 865 880 911 ut
892 869 946 929 par
1032 859 1033 870 ¹

112 937 150 997 sit
172 935 310 994 omnibus
331 935 517 1012 exequendis
530 934 641 1010 quibus
654 931 775 1013 juvenis
791 936 894 991 labore
910 951 945 992 ac

111 1016 328 1078 exercitatione
343 1012 531 1073 assuefactus
546 1025 601 1072 eat.

152 1095 232 1155 Aliis
253 1096 359 1154 diebus
387 1095 519 1153 venando
540 1091 694 1164 delectam
714 1110 769 1151 nec
785 1095 900 1165 finita,
917 1093 945 1152 in

113 1195 186 1236 arcu
207 1175 385 1251 sagittisque
410 1173 603 1232 conliciendis
617 1171 707 1251 quam
723 1174 752 1232 in
775 1173 947 1232 adhibendis
1032 1211 1033 1224 t

113 1255 238 1334 peritior
258 1267 330 1312 erat.
374 1256 457 1312 Aves
471 1256 631 1330 pullosque
654 1255 800 1311 laruarum
824 1251 948 1336 dejiqie·
1032 1305 1033 1314 ,

113 1337 192 1401 bant,
213 1333 364 1411 nunquam
387 1331 460 1392 rerd
486 1335 589 1409 plures
602 1331 692 1414 quim
708 1333 761 1410 qui
775 1331 832 1391 eibi
847 1341 949 1392 essent
1032 1403 1033 1414 χ

112 1413 151 1478 ad
168 1413 328 1472 videndum
343 1412 513 1471 necessarii.

153 1493 220 1553 Etsi
234 1506 336 1552 autem
353 1495 502 1550 Robinson
518 1493 634 1552 socium
655 1493 775 1568 ingenio
789 1491 949 1554 industria·
1032 1529 1033 1536 ι

110 1591 171 1653 que
182 1573 327 1639 vincebat,
339 1573 388 1630 hic
404 1585 502 1632 tamen
515 1576 625 1642 multas
647 1587 727 1631 artes
742 1573 879 1642 callebat,
895 1578 948 1634 do·
1032 1607 1033 1650 q

114 1655 197 1714 mino
213 1650 298 1711 anted
308 1653 435 1728 ignotas,
445 1667 515 1712 tunc
530 1651 602 1712 verb
617 1649 750 1712 maxime
762 1653 861 1710 utiles.
884 1652 950 1713 Sci·
1032 1663 1033 1688 l

117 1735 188 1792 licet
203 1732 283 1790 varia
298 1743 494 1790 instrumenta
507 1751 547 1792 ex
569 1733 697 1796 ossibus,
712 1733 869 1809 lapidibus,
880 1751 951 1792 con·
1032 1753 1033 1816 ζ

118 1813 194 1880 obis,
221 1813 347 1888 aliisque
372 1814 463 1870 rebus
485 1811 615 1890 lingebat
637 1813 748 1889 quibus
771 1813 886 1886 lignum
909 1814 952 1872 ita
1032 1875 1033 1880 ,

114 1893 307 1952 tractabatur
329 1909 386 1949 nnn
409 1891 543 1968 perlecta
564 1891 662 1952 minda
684 1907 775 1969 atque
799 1895 953 1952 elaborata
1032 1881 1033 1946 l

115 1990 208 2048 opera
233 1971 367 2030 efficeret
380 1967 471 2048 quim
494 1973 520 2033 si
547 1971 627 2032 ferro
646 1973 751 2032 excisa
773 1985 874 2032 essent
898 1985 953 2033 aut

114 2051 267 2110 fabricata.
715 2073 725 2084 ¹

158 2131 297 2201 Tandem
327 2133 412 2190 horto
432 2133 527 2207 probe
553 2135 687 2201 exculto,
708 2133 772 2192 dies
792 2133 956 2194 constituta

95 2277 99 2286 ¹
116 2223 164 2270 est
178 2215 238 2288 qua
252 2213 286 2268 orl
303 2225 416 2285 patrem
433 2213 545 2282 rinnon
561 2215 769 2272 adducendum
785 2213 956 2290 protecturi
1030 2287 1031 2290 Ἴ

118 2303 212 2350 etant.
253 2289 325 2364 Qud
341 2292 462 2365 propior
475 2304 576 2350 autem
592 2306 655 2351 erat
669 2296 734 2353 dies
748 2293 844 2352 itineri
860 2295 958 2352 desti·

115 2388 194 2440 nara,
218 2369 254 2428 eb
273 2371 368 2450 rrrajor
391 2374 567 2428 Robinsonr'a
589 2377 733 2432 anxietas.
774 2373 854 2432 Fieri
870 2375 957 2434 enim

118 2463 236 2528 poterat
251 2463 282 2508 ut
297 2453 421 2520 barbari,
436 2452 545 2527 spretis
560 2454 673 2525 Frr'doy
695 2455 827 2526 consiliis
852 2454 957 2529 preci·

116 2531 247 2604 busque,
265 2531 410 2606 hospitem
427 2529 505 2589 maid
527 2536 716 2590 mulctarent.
758 2535 863 2610 ltaque
886 2535 960 2592 diu·

115 2607 178 2666 titis
192 2610 340 2667 abstinere
351 2631 405 2668 non
417 2612 512 2685 potuit
526 2611 597 2688 quin
610 2616 688 2672 bunc
698 2614 836 2671 timorem
853 2615 961 2673 amico

118 2687 294 2744 declararet.
345 2689 530 2766 Quiquldem
558 2692 755 2772 jurejurando
789 2695 962 2750 Robinsoni

116 2766 242 2824 affirmat
257 2765 396 2827 timorem
414 2770 482 2845 ejus
497 2791 561 2828 esse
579 2790 698 2840 vanum,
713 2791 746 2830 se
760 2775 961 2850 popularium

111 2863 243 2920 ¹auorum
258 2845 372 2904 animos
394 2849 465 2905 satis
482 2865 658 2927 perspectos
680 2855 800 2923 habere,
822 2853 961 2930 illosque

114 2925 268 2981 nerninem
290 2923 422 3000 unquam
442 2930 562 2992 laedere,
578 2932 634 2990 nisi
649 2936 776 2992 hostem.
799 2935 962 2989 Robinson

116 3003 216 3059 amico
230 3003 321 3061 iidem
351 3006 459 3067 habuit.
481 3011 623 3084 omnique
645 3025 728 3070 metu
745 3011 863 3092 abjecto
877 3011 963 3071 socii

113 3080 261 3152 probitate
273 3081 381 3165 fretus,
394 3085 442 3144 die
458 3088 599 3162 proxime
623 3095 690 3153 vela
703 3095 775 3153 dare
790 3091 961 3153 constituit.
