2068 3278
124 235 178 286 114
266 292 268 296 .
357 241 513 287 auurrsou
538 239 707 290 enusouus

5 361 6 368 ¹
57 372 62 386 ‹
123 355 191 395 rum
206 345 379 409 apparatum
400 333 416 393 ai
438 337 535 411 capite
556 355 650 413 usque
674 337 710 393 ad
725 336 834 405 calces,
851 353 944 394 unum
1028 357 1029 428 q

125 417 190 482 sibi,
204 417 331 472 alterum
348 417 437 483 sonim
461 425 495 473 4⁰
513 417 615 493 viginti
631 427 757 490 quatuor
768 417 891 484 indusia;
907 423 943 474 5ο
1028 461 1029 480 ,

126 498 199 553 duas
214 511 346 561 secures,
367 513 472 564 serras,
494 497 688 570 runcinasque
712 514 796 569 pares
811 513 947 562 numero;

126 574 198 634 ferri
213 591 337 639 massas,
350 575 474 631 malleos
488 575 684 650 nonnullaque
700 575 755 632 alia
770 575 958 636 instrumen·,
1028 611 1029 618 κ

127 667 167 720 ta;
190 661 224 710 6⁰
241 655 386 728 quosdam
401 655 502 719 libros,
514 657 623 711 chartae
639 653 804 726 scriptoriae
820 655 949 721 couiam,
1028 655 1029 658 ’

130 753 200 792 cum
216 745 378 789 atramento
399 745 427 790 et
450 735 639 802 calamique
664 731 855 807 pyrotlrecam
877 751 949 789 cum

130 813 254 890 igniario
270 823 300 868 et
315 813 456 879 silicibus3
470 820 506 869 8⁰
522 816 628 868 cadum
639 829 713 888 pane
724 813 842 870 nautico
853 814 952 886 reple·
1028 881 1029 888 ἵ

131 907 207 960 tum;
232 899 268 946 9⁰
292 892 405 948 carbasi
421 892 601 948 mediocrem
623 892 749 965 copiam,
771 903 801 948 et
828 899 880 946 10⁰
903 909 952 948 ca·
1028 899 1029 960 l

132 989 226 1048 pram.
1028 1035 1029 1038 Ἰ

172 1052 205 1107 ln
218 1049 433 1124 perquirendis,
453 1050 631 1126 aperiendis,
645 1050 838 1125 exponendis,
859 1049 955 1106 admi·
1028 1045 1029 1086 ³

128 1131 237 1208 randis,
258 1130 404 1204 eligendis
425 1142 513 1208 atque
535 1133 589 1188 rati
605 1129 791 1204 imponendis
811 1129 950 1187 omnibus
1028 1195 1029 1204 χ

134 1210 193 1268 illis
207 1209 313 1283 opibus
327 1219 439 1266 tuntum
454 1210 597 1284 temporis
611 1209 739 1284 spatium
760 1225 955 1281 consumpse·

135 1302 207 1356 rant,
230 1300 260 1344 ut
275 1286 442 1362 dproxirno
457 1303 548 1346 aestus
564 1289 731 1346 accedentis
746 1300 881 1362 tempore
897 1304 957 1344 una

133 1365 247 1426 tannim
270 1370 340 1423 hora
356 1368 481 1424 abesset.
524 1371 623 1441 Atque
648 1369 701 1424 lroc
722 1367 779 1423 illis
794 1378 958 1442 expectan·
1028 1385 1029 1422 t

135 1449 208 1504 dnm
223 1459 297 1503 erat.
313 1447 452 1520 Alioquin
468 1447 545 1502 enim
562 1447 610 1504 vix
624 1459 715 1503 ratem
729 1448 957 1520 promovissent.

137 1527 224 1586 Hanc
237 1528 337 1582 liuram
356 1529 505 1580 Robinson
521 1529 623 1600 epulas
638 1525 857 1598 Europaeurum
872 1545 957 1582 more
1028 1545 1029 1570 t

137 1615 292 1680 apparatas
312 1607 479 1679 prandendo
500 1605 666 1677 insumpsit.
710 1606 813 1680 ltaque
836 1623 983 1663 camern-
1028 1611 1029 1622 ¹

137 1685 278 1740 bubulam
301 1682 385 1740 fumo
409 1683 560 1748 siccatam,
582 1685 664 1758 panis
684 1684 794 1741 nautici
816 1683 959 1752 frustum,
1028 1675 1029 1742 ἶ

138 1765 289 1838 butyrum,
313 1759 435 1818 caseum
463 1763 580 1838 vinique
602 1765 737 1838 lagenam
762 1763 961 1838 deprompsit,

140 1843 314 1917 cunctisque
330 1837 484 1899 meusae'in
500 1845 638 1900 cubiculo
650 1841 783 1916 praelecti
793 1855 960 1899 exstructae
1028 1839 1029 1856 ¹

141 1923 296 1996 impositis,
318 1939 387 1978 cum
403 1923 482 1977 socio
495 1919 524 1980 in
539 1923 619 1978 sellis
635 1923 775 1978 consedit.
818 1920 879 1979 Hic
895 1939 960 1977 ver·

141 2003 186 2058 bis
212 2001 341 2074 exprimi
363 2019 418 2056 non
438 2011 535 2074 potest
558 2014 697 2076 quantam
732 2003 882 2056 Robinson
919 2017 962 2057 ex

138 2079 213 2138 cibis
225 2081 284 2137 illis
300 2081 516 2154 praestantibus,
531 2083 627 2137 cultro
643 2079 758 2137 tandem
774 2091 802 2135 et
815 2079 902 2138 [urcei
918 2081 962 2136 in·

139 2169 280 2222 structus,
295 2161 474 2233 voluptatem
492 2161 672 2232 perceperit,
688 2175 725 2214 ex
743 2177 817 2232 pane
832 2177 963 2233 praeser·

140 2241 193 2298 tim
210 2257 299 2314 quern
316 2240 365 2296 ille
380 2249 438 2294 tam
455 2240 504 2294 diu
520 2235 628 2296 frustra*
638 2239 866 2294 desideraverat.
893 2239 963 2296 Hoc

144 2318 197 2394 qui
218 2319 392 2391 cogitatione
410 2315 527 2392 penitus
541 2317 702 2390 complecti
716 2319 796 2383 velit,
812 2335 881 2374 eum
903 2321 963 2372 Ro-

142 2403 269 2454 llr'nsom's
285 2399 375 2454 instar
391 2415 444 2470 per
465 2415 569 2452 norem
592 2415 680 2452 anuos
700 2395 855 2452 continuos
869 2397 965 2455 ‹imni-

141 2479 198 2554 lius
214 2477 277 2532 istis
299 2476 391 2550 copiis
415 2477 541 2550 vitaeque
565 2475 713 2549 praesidiis
727 2475 859 2533 caruisse
875 2495 966 2550 opor-

142 2568 194 2611 tet.
583 2567 587 2580 ·

181 2635 258 2690 Crlm
270 2634 331 2710 jam
345 2631 418 2691 statai
430 2633 493 2688 ricc
507 2652 587 2694 mare
603 2636 698 2690 redire
714 2636 867 2708 coepisset,
883 2647 966 2692 uter-

140 2731 198 2789 que
214 2713 249 2767 ad
272 2723 366 2769 ratem
385 2713 546 2779 descendit,
567 2712 699 2788 cquue
714 2731 780 2770 eam
795 2715 965 2782 solvissent,

143 2793 249 2848 leniter
263 2793 338 2864 aqui
348 2793 507 2846 accedente
524 2793 558 2846 acl
573 2793 654 2850 littus
666 2793 765 2860 delati,
778 2811 853 2866 opes
867 2811 968 2850 serru-

139 2871 228 2927 tasin
243 2881 351 2925 terram
366 2871 521 2942 deportare
542 2885 709 2946 properant,
751 2873 834 2928 Tum
851 2873 967 2942 Friday

145 2945 325 3023 magnopere
351 2948 441 3022 gestit
464 2947 580 3004 discere
603 2949 670 3026 quis
698 2969 738 3008 ex
760 2952 805 3008 lris
827 2951 969 3008 omnibus
1028 2937 1029 3000 l

138 3044 215 3084 usus
229 3037 280 3084 sut
293 3043 362 3102 quae
375 3027 571 3086 commoditas
583 3029 698 3106 percipi
712 3041 824 3107 posset.
857 3031 968 3086 Rodio·
1028 3023 1029 3104 l
