2068 3278
129 154 182 205 130
358 165 515 206 aosrusort
536 164 705 208 esusouus.

124 263 280 322 cesserant,
293 255 358 314 aliis
371 256 482 330 quippe
498 275 590 330 super
601 257 672 314 alios
688 255 860 330 promiscue
873 272 934 312 con·

125 337 226 412 gestis.
268 335 447 409 Tempestas
476 354 556 393 saeva
577 351 605 392 et
625 337 763 394 diuturna
787 337 823 392 ab
842 333 934 390 itinere

124 417 294 478 deerrantes
309 416 345 472 ad
366 433 447 472 oram
463 415 596 472 Brasiliae
614 434 666 472 nos
680 413 819 489 abripuit.
863 411 936 469 Cirrn

122 495 205 552 uaris
219 494 355 553 fatiscere
372 495 521 568 coepisset,
534 513 588 550 nec
603 495 630 550 in
644 497 738 552 altum
754 495 866 550 reverti
889 511 939 568 gu·

122 574 260 632 bernator
281 575 413 638 auderet,
437 571 528 632 satius
542 574 626 630 duxit
641 592 722 630 oram
734 586 824 630 terrae
851 572 938 628 conti·

92 684 96 691 ·
122 653 218 709 nentis
245 657 357 727 legere.
399 651 513 710 Exorta
533 649 633 710 ¹subito
655 654 729 710 novi
754 664 941 726 tempestate,

123 733 217 790 ventis
244 731 414 790 reflantibus
441 732 552 810 rejecta
571 746 615 787 est
630 732 710 788 navis
730 731 747 788 ai
766 732 942 798 continente,

122 823 212 869 noctu
236 829 329 888 prope
350 809 475 868 insulam
490 811 647 885 quamdam
669 811 697 868 in
718 815 860 885 scopulos
875 829 939 866 con·

121 890 210 968 jecta.
252 891 401 948 Nonnulla
422 891 608 964 explosimus
629 903 784 956 tormenta,
799 886 829 948 et'
855 889 941 946 sicuti

123 967 186 1026 lieri
212 972 296 1038 solet,
322 969 555 1044 significavimus
569 987 621 1026 nos
639 969 667 1026 in
682 968 853 1026 discrimine
876 987 941 1024 ver·

122 1049 191 1117 sari,
204 1061 234 1108 et
255 1049 412 1108 statuimus
426 1067 540 1116 navem,
554 1050 649 1123 quoad
665 1047 729 1106 lieri
745 1059 857 1122 posset,
883 1065 938 1112 nou

121 1130 269 1188 deserere.
311 1129 376 1186 Hac
401 1140 499 1184 mente
525 1131 676 1186 aeriorum
699 1127 853 1202 nigrorum
879 1127 940 1184 vin·

122 1209 191 1266 cula
205 1209 358 1270 solvimus,
376 1217 407 1264 ut
427 1207 470 1266 illi
484 1226 536 1264 nos
549 1209 585 1264 ad
610 1225 717 1282 aquam
742 1206 872 1282 undique
889 1224 941 1280 per

65 1339 70 1344 .
122 1305 283 1362 compages
305 1287 420 1344 laxatas
439 1287 635 1346 abundantem
649 1285 842 1342 hauriendam
858 1281 941 1362 adju·

36 3049 78 3194 i.

121 1379 232 1425 vatent.
272 1365 333 1438 Qui
347 1365 436 1422 simul
461 1364 567 1422 liberos
582 1383 615 1422 se
630 1363 767 1432 sentiunt,
781 1363 861 1422 lactu
875 1383 939 1420 con-

121 1446 289 1522 spiratione,
312 1447 437 1519 scaphas
451 1457 599 1520 occupant
612 1447 648 1502 ad
671 1445 839 1502 libertatem
853 1443 942 1501 simul

122 1525 271 1602 vitamque
286 1524 467 1582 servandam.
507 1525 588 1582 Tum
608 1523 711 1598 inopes
724 1523 844 1582 consilii
857 1523 942 1582 haesi·

120 1621 198 1662 mus.
239 1603 403 1662 Illos-enim
418 1603 446 1660 vi
465 1603 592 1668 adnisus
605 1603 732 1678 cogendi
745 1613 880 1678 potestas
890 1622 943 1660 no·

121 1682 234 1741 bisnon
249 1695 322 1752 erat,
343 1682 454 1758 quippe
477 1701 530 1742 nus
553 1682 721 1758 quindecim
745 1681 941 1750 numero,illi

120 1763 279 1839 octoginta,
303 1762 393 1818 multi¹
409 1780 527 1838 quoque
542 1779 645 1820 eorum
660 1763 767 1823 nostris
788 1764 884 1820 armis
894 1781 942 1840 po·

120 1841 175 1898 titi.
216 1845 324 1916 Neque
339 1851 437 1898 tamen
459 1840 556 1900 mimis
568 1859 678 1916 anceps
693 1842 867 1916 periculum
879 1851 939 1898 erat

120 1919 270 1978 derelictis
293 1922 322 1976 in
338 1938 412 1978 naue
438 1921 571 1994 scopulis
584 1922 724 1992 haerente,
739 1923 802 1978 sine
817 1923 939 1998 scapha·

120 2016 187 2056 rum
209 1999 328 2058 auxilio.
370 1999 419 2056 Ad
446 2017 551 2074 preces
565 2001 657 2076 igitur
676 1999 878 2076 confugimus,
892 2019 943 2056 eos

120 2091 237 2136 orantes
248 2079 298 2154 qui
313 2075 402 2152 pauld
418 2077 483 2136 ante
494 2080 572 2136 servi
587 2093 678 2146 erant,
701 2089 736 2138 ut
748 2083 795 2136 vel
807 2097 940 2138 remane·

120 2173 184 2216 rent
208 2161 254 2216 vel
276 2175 329 2214 nos
350 2174 454 2216 securo
476 2160 665 2216 abducerent.
706 2161 767 2216 llic
791 2157 863 2217 verti
883 2178 937 2216 non

119 2253 244 2311 possum
265 2237 335 2312 quin
361 2238 534 2296 humanitati
555 2240 674 2298 illorum
703 2235 805 2296 laudes
824 2240 940 2296 debitas

119 2319 296 2390 persolvant.
339 2315 404 2374 Etsi
425 2319 505 2376 enim
526 2319 585 2376 illis
605 2318 767 2379 saevissime
782 2317 827 2374 usi
843 2317 941 2374 fuera·

117 2411 197 2461 mus,
211 2409 308 2453 tamen
323 2393 526 2454 misericordia
540 2400 683 2456 commoti
700 2401 754 2454 hoc
773 2397 859 2454 nobis
873 2415 939 2456 cou-

120 2487 278 2561 cessetunt
290 2487 323 2532 ut
347 2475 375 2532 in
390 2478 524 2550 scaphas,
538 2479 590 2534 sed
611 2477 710 2536 cuncti
731 2479 871 2556 inermes,
891 2477 940 2537 ad·

119 2561 314 2608 mitteremur.
913 2617 915 2624 ,

157 2629 270 2684 “Tum
294 2630 322 2684 in
345 2651 395 2690 eas
417 2633 602 2700 desiluimus‚
616 2637 693 2690 tantd
705 2624 941 2692 multitudine'ut

118 2705 193 2774 penti
210 2707 483 2779 submergerentur.
524 2713 646 2769 interim
662 2711 733 2768 dum
754 2715 790 2768 ad
812 2715 941 2774 insulam

118 2782 285 2853 Pl'oxslfflam
313 2785 469 2851 tendimus,
486 2801 617 2849 mutatus
637 2789 733 2848 subito
757 2806 865 2850 ventus
879 2813 942 2860 nos,

118 2861 306 2944 §quantumvis
335 2861 426 2916 remis
450 2866 594 2934 connisos,
620 2869 649 2926 in
676 2871 771 2925 altum
800 2860 942 2945 propulit.

126 2929 204 2987 lum
215 2933 285 2989 vero
312 2939 576 3012 praesentissimum
601 2945 653 3010 fuit
674 2947 742 3012 vitae
768 2949 945 3013 discrimen.
