2068 3278
325 181 483 223 unsrvsorr
503 182 676 226 audeonus.
874 177 911 234 95

124 277 229 353 Neque
239 271 310 334 verb
323 275 473 332 Robtnron
484 275 593 333 oblitus
601 287 666 336 erat
674 274 809 336 utilitatis
818 297 911 356 quam

87 354 293 434 longa-pertica
307 354 366 430 ipsi
381 353 570 430 praestiterat.
593 355 693 428 Quam
703 357 817 416 obrem
829 377 910 418 nunc

86 455 197 514 qnoque
211 437 294 492 illam
308 433 451 492 adhibuit.
493 434 554 492 Sed
575 435 658 494 navis
673 446 734 494 tant
749 437 826 496 tonte
843 457 912 515 pro-

32 555 34 562 >
86 519 177 577 voluta
191 531 247 584 est,
261 527 294 572 ut
309 512 397 572 tacite
408 515 608 592 intelligerent
619 532 651 573 se
663 516 814 592 integrum
826 537 912 578 men·

45 661 50 670 ,
85 615 146 656 sem
158 596 184 653 in
201 597 254 653 haic
270 597 364 668 operti
377 605 609 670 consumpturos
620 613 698 652 esse.

120 677 253 734 Tandem
275 671 442 750 opportuni
464 677 636 732 recordatus
651 689 697 734 est
711 675 788 734 alius
801 675 910 736 instru-

82 757 168 817 menti
182 753 266 830 aeque
277 753 424 828 simplicis
437 755 647 832 parabilisque,
659 773 719 832 quo
730 755 803 814 fabri
816 755 910 834 ligna·

80 839 115 896 rii
127 836 236 910 aliique
251 835 280 892 in
297 833 422 908 Europa
436 835 478 892 uti
494 835 590 892 solent
604 837 639 892 ad
654 853 763 912 magna
778 839 910 912 pondera

81 915 289 995 promovenda,
303 917 429 985 cylindri
444 912 597 972 nimirdm.

117 995 205 1068 Quod
228 994 353 1068 quidem
375 994 426 1050 vix
452 994 603 1050 Robinron
626 1007 772 1070 expertus
798 999 910 1072 magni

80 1095 148 1136 cum
164 1073 267 1133 laetitib
280 1071 453 1148 viditquaim
468 1071 555 1130 facild
570 1074 652 1132 navis
672 1088 909 1148 promoveretur.

78 1159 146 1216 Post
159 1155 285 1212 biduum
301 1154 378 1210 mari
398 1171 520 1228 quoque
535 1153 682 1211 committi
698 1153 803 1228 potuit,
824 1173 910 1232 mag·

75 1253 171 1313 noque
185 1253 257 1292 cum
280 1234 441 1308 voluptatis
460 1251 550 1292 sensu
566 1243 692 1310 uterque
708 1234 857 1309 comperit
874 1235 911 1296 it·

74 1318 133 1376 lam
147 1317 184 1373 ad
200 1314 400 1389 navigandum
417 1313 541 1386 prorsds
555 1331 623 1370 esse
642 1315 789 1372 idoneam.

114 1396 183 1454 Jarn
198 1394 271 1451 nihil
286 1392 437 1466 superfuit
450 1393 505 1450 nisi
521 1404 554 1450 ut
576 1411 645 1468 qttae
668 1393 704 1450 ad
720 1393 910 1468 proticiscen-

75 1477 147 1536 dum
160 1485 261 1532 essent
275 1471 445 1530 necessaria
458 1484 645 1548 pararentur,
658 1467 773 1530 scilicet
786 1484 818 1530 nt
827 1476 910 1533 navis
933 1465 944 1500 ¹

73 1566 115 1614 tot
130 1565 306 1612 oneraretur
318 1551 536 1609 commeatibus
551 1563 623 1627 quot
636 1551 777 1608 vehendis
791 1554 911 1612 suffice·

73 1648 129 1694 ret.
153 1632 295 1707 Qudnam
307 1630 380 1690 vero
396 1632 439 1690 itti
449 1631 582 1689 tendenti
623 1633 734 1704 Fn'doy
745 1636 864 1708 optabat
877 1646 910 1693 ut

69 1717 100 1774 in
126 1715 253 1790 patriam
278 1713 400 1784 rediret;
424 1713 578 1767 Robinson
593 1725 694 1770 autent
717 1722 749 1770 ut
766 1716 803 1769 ad
818 1715 909 1772 conti·

68 1808 194 1854 nentem
210 1791 366 1850 Americae
383 1792 615 1860 venderentur,
637 1794 687 1849 ubi
700 1811 733 1848 se
748 1789 909 1866 Hispanos,

12 1921 13 1924 ,
69 1876 209 1950 aliosque
221 1875 257 1930 ab
265 1871 391 1947 Europa
402 1869 550 1948 proiectos
559 1873 749 1929 inventurum
761 1873 908 1945 sperabat.

69 1959 190 2026 Friday
202 1952 275 2012 verd
290 1952 386 2027 patria
406 1951 521 2009 nonnisi
531 1963 661 2028 quatuor
671 1949 791 2009 circiter
804 1951 909 2012 miliia·

68 2037 156 2094 ribus
172 2035 284 2102 aberat,
297 2043 376 2090 terra
388 2031 540 2088 continens
550 2030 709 2088 duodecim
722 2043 772 2088 aut
784 2033 909 2106 quinde-

67 2116 142 2174 cim.
188 2113 283 2183 Quod
299 2112 324 2168 si
338 2109 422 2186 priris
434 2111 469 2167 ad
485 2113 613 2169 insulam
630 2111 793 2180 tenderent,
807 2113 910 2172 turrea
1012 2159 1013 2168 ,

65 2193 234 2253 continenti
254 2193 335 2250 terri
356 2191 492 2265 pluribus
514 2193 611 2248 adhuc
633 2191 810 2250 milliaribus
825 2209 908 2250 rece·

64 2277 191 2342 debant,
212 2285 302 2348 atqua
323 2273 381 2328 hnc
402 2269 468 2346 ipso
484 2269 654 2346 periculum
666 2270 802 2329 intineris
816 2289 908 2348 attge-
1009 2263 1011 2323 Ῐ

60 2355 167 2414 batur.

106 2435 228 2504 Friday
243 2431 316 2488 nihil
334 2449 373 2487 ex
396 2429 432 2488 iis
452 2447 522 2505 quae
545 2430 692 2504 pertinent
714 2431 750 2488 ad
771 2441 907 2492 naturam
1006 2469 1007 2477 κ

62 2515 165 2572 maris
175 2523 298 2570 noverat
309 2510 365 2568 nisi
373 2510 452 2585 quod
462 2529 586 2567 necesse
598 2522 678 2568 esset
690 2523 721 2566 ut
732 2512 768 2566 ad
779 2508 909 2574 insulam
1002 2537 1005 2588 t

62 2613 159 2652 suam
172 2591 354 2668 perveniret.
388 2590 450 2647 lsta
464 2603 564 2648 autem
576 2591 677 2665 magis
691 2587 782 2648 etiam
800 2594 909 2648 Rodio·

57 2693 119 2730 ron
138 2673 306 2750 ignorabat,
317 2669 470 2750 *quoniam
485 2671 514 2726 in
529 2671 585 2725 hoc
600 2670 675 2728 utari
695 2666 847 2744 nunqudm
857 2687 910 2728 na·

60 2755 242 2830 vigaverat.

105 2833 253 2892 Tandem
268 2831 329 2905 qub
341 2832 491 2885 Robinson
514 2827 634 2884 ardebat
654 2824 790 2882 homines
803 2821 910 2872 huma·
963 2851 975 2866 f

55 2913 165 2972 nitate
180 2915 322 2968 excultos
336 2909 486 2966 revisendi
498 2906 648 2979 cupiditas
660 2910 781 2956 omnem
795 2891 910 2946 ‹lubnt-

57 2994 189 3052 tionem
204 2989 286 3049 vicit„
332 2986 481 3060 Quemvis
493 2985 606 3052 Friday
620 2980 744 3036 instaret
753 2965 881 3034 multu*

20 3209 227 3253 '‘:L-ss—fl...
235 3250 241 3253 ..
247 3241 262 3255 ,Α
