2048 3288
358 161 511 204 contusos
524 160 704 208 onusonus.
932 151 950 202 ⁹

118 261 260 322 Tandem
273 265 341 336 post
353 258 450 315 multa
465 256 609 333 pericula,
623 255 760 336 pervenit
776 255 814 316 ad
834 271 953 328 navem,

118 342 149 402 in
164 359 257 418 quero
269 355 374 398 omnes
388 337 513 414 excepti
527 351 605 398 sunt.

161 423 257 482 Naris
271 421 323 479 illa
337 418 507 474 Londtnum
521 421 670 478 tendebat.
691 417 830 491 Quatuor
840 413 954 494 elapsis

119 503 226 563 diebus
242 503 279 560 ad
300 497 411 558 ostium
440 499 591 554 Teumesia
603 499 749 576 pervenit,
763 495 866 574 quinti
881 494 953 556 verd

117 583 148 643 in
164 595 252 659 portu
263 580 337 661 jecit
350 581 505 636 anchoras.
548 579 626 638 Mox
648 579 777 657 quisque
798 577 954 636 interram

116 663 284 732 descendit,
304 662 395 720 laetus
408 655 520 735 qundt
537 659 672 734 periculo
691 657 847 718 evasisset.
888 656 955 718 Vix

120 746 275 802 Robinson
298 743 408 817 pedem
429 737 446 796 ὲ
468 757 543 797 nave
565 742 726 810 extulerat,
740 735 811 800 edm
825 757 896 798 eum
911 737 956 795 in·

119 823 212 880 cessit
233 822 345 897 cupido
372 819 504 879 risendae
525 819 685 880 immensae
707 819 791 878 urbis
813 817 954 875 Londini.

120 901 277 978 Quidquid
293 911 357 958 erat
371 899 402 958 in
416 900 512 958 oculis
526 911 713 976 spectantem
722 899 763 960 ita
774 898 910 968 detinuit,
921 907 956 958 ut

116 981 267 1060 praeteriti
279 980 442 1039 immemor
454 981 492 1037 de
502 977 739 1060 istucequidem
749 975 874 1038 minime
886 995 955 1038 cur·

12 1105 13 1112 .
117 1074 193 1120 aret.
235 1062 374 1120 Tandem
399 1077 473 1118 snus
499 1077 571 1119 eum
599 1063 775 1119 stomachus
800 1057 956 1118 admonuit

12 1195 14 1216 ἶ
117 1142 251 1199 londini
274 1143 353 1199 haud
375 1135 464 1199 sectis
486 1157 521 1198 ac
540 1137 610 1199 alibi
624 1151 774 1200 terrarum
789 1139 865 1198 cibis
877 1157 956 1216 opus

12 1263 14 1294 ,
116 1237 199 1280 esse.
243 1223 348 1299 ltaque
362 1220 434 1280 adiit
448 1220 629 1296 praelectum
645 1219 714 1300 ejus
727 1220 812 1279 naris
825 1235 895 1296 quae
911 1219 956 1298 ip·

13 1353 14 1360 ,
117 1317 191 1361 aum
212 1303 386 1370 advexerat,
403 1301 579 1378 rogavitque
593 1311 627 1359 ut
640 1297 858 1376 liceret¹ipsius
872 1317 958 1360 nten-

119 1395 165 1441 sae
177 1383 318 1441 assidere.
353 1382 410 1440 llle
426 1378 497 1440 verri
512 1383 650 1440 lubenter
661 1380 807 1460 juvenem
823 1379 956 1458 excepit.

119 1461 225 1540 Atque
246 1463 325 1522 inter
346 1463 554 1537 prandendum
574 1463 612 1519 ab
634 1461 750 1537 hospite
769 1462 881 1539 quaerit
895 1479 957 1538 quo

12 1549 14 1556 “
118 1543 245 1602 consilio
259 1554 290 1600 et
301 1543 375 1619 quid
388 1541 525 1600 facturus
534 1537 594 1600 nte
605 1533 733 1602 venerit?
745 1540 829 1602 'l'um
844 1541 956 1598 Rollin·

117 1640 173 1678 son
189 1621 323 1700 ingenite
337 1621 492 1698 professus
507 1631 562 1692 est,
570 1639 604 1680 se
613 1621 703 1680 animi
716 1623 869 1682 recreandi
883 1639 956 1682 cau·

119 1703 155 1760 sl
169 1705 225 1760 hoc
240 1702 298 1760 iter·
311 1701 477 1778 sucepisse,
487 1711 578 1779 atque
588 1701 690 1762 insciis
699 1701 881 1780 parentibus
889 1701 955 1782 jam

12 1841 14 1846 .
117 1793 223 1842 autern
239 1799 271 1840 se
286 1799 357 1840 esse
366 1780 486 1842 omnind
500 1783 633 1859 inopem.
658 1783 766 1842 insciis
781 1783 954 1858 perentibus

118 1861 194 1920 taisi
208 1863 319 1921 clamat
333 1872 422 1923 nauta
436 1864 611 1922 exterritusa
626 1865 703 1922 bone
718 1863 816 1922 Deusl
839 1861 954 1924 utindm

12 1993 13 1998 ,
117 1942 178 2000 ltoe
194 1953 253 2020 ego
273 1939 359 2018 prinis
375 1942 581 2024 rescivissem?
604 1961 757 2021 nunquam
779 1942 882 2004 santet
902 1963 953 2003 tne

117 2019 317 2098 impetrasses
326 2035 361 2080 ut
371 2037 431 2099 ego
441 2033 471 2080 te
481 2023 511 2082 in
522 2041 630 2081 navem
640 2042 740 2083 meam
752 2023 954 2084 admitterem.

118 2103 274 2159 Robinson
289 2103 429 2161 demissis
442 2103 548 2171 oculis,
572 2106 719 2182 vultuque
734 2106 843 2164 rubore
858 2105 954 2164 suffu-

119 2197 154 2240 so
169 2183 261 2242 siluit:
281 2201 338 2241 nec
359 2181 448 2242 desiit
466 2185 563 2242 bonus
583 2197 672 2243 nauta
694 2202 816 2244 monere
837 2186 954 2244 adoles·

118 2273 238 2320 centem
254 2261 348 2340 quem
364 2264 497 2341 graviter
508 2263 706 2338 peccavisset,
724 2263 896 2342 addiditque
917 2267 953 2325 ii·

118 2341 185 2400 ium
199 2360 352 2420 nunquam
367 2343 467 2421 aliqui
479 2362 519 2402 ex
535 2357 619 2421 parte
633 2347 753 2404 beatum
770 2363 837 2404 esse
853 2363 953 2422 posse,

118 2421 216 2480 donec
232 2421 249 2481 a
263 2424 326 2482 suis
340 2425 458 2482 veniam
471 2425 625 2485 oravisset.
656 2429 806 2482 Robinson
819 2445 953 2486 commo·

117 2509 169 2560 tus
185 2501 314 2574 multllm
331 2503 423 2580 flevit,
439 2506 492 2564 sed
505 2505 577 2582 quid
591 2523 680 2585 agam
694 2504 786 2570 nune?
800 2518 886 2586 rogat
898 2508 951 2566 ille

118 2599 192 2640 cum
208 2582 355 2662 singultu.

159 2662 242 2736 Quid
264 2663 351 2742 ages?
366 2666 527 2741 respondet
541 2665 626 2735 alter;
642 2665 772 2741 primam
787 2665 953 2740 quamlibet

116 2759 228 2802 navem
249 2761 320 2820 quae
345 2746 412 2804 hinc
442 2747 651 2819 Homburgom
673 2745 776 2810 tendit,
791 2746 854 2800 sine
868 2745 953 2797 more

117 2825 315 2894 conscendes
329 2837 400 2884 tunc
413 2841 553 2884 reversus
568 2828 604 2882 nd
620 2835 688 2882 tuos
704 2823 819 2898 peccati
834 2817 953 2908 reniam

116 2901 166 2980 pie
181 2903 312 2980 rogabis,
331 2905 481 2980 pollicitus
494 2915 525 2962 te
538 2921 692 2978 nunquam
704 2894 807 2986 posted
817 2893 846 2951 1¹¹
862 2894 954 2952 Slmlll

116 2983 296 3062 culpelore.
319 2985 380 3046 Sed
395 2973 952 3062 pinnensi-eopecunina1t1i0b2'ns0n·
