2048 3288
332 211 491 259 ιιοιιιιιοιι
511 211 688 254 causostis.
890 199 925 252 65

95 305 188 364 debat
211 319 308 373 sonos,
332 305 452 364 vicibus
477 305 606 364 reticens
633 304 718 381 quasi
745 303 929 379 intelligeret

15 393 16 402 ¹
97 385 318 443 emendantem.
361 385 452 444 Hunc
468 383 591 462 qudque
611 381 814 444 assuefecerat
829 403 862 441 se
877 403 928 441 ro·

96 477 216 523 cantem
231 466 334 522 audire
350 477 381 522 et
394 476 516 524 euntem
531 466 626 559 sequi.

138 545 212 602 Post
227 544 394 618 prandium,
409 547 514 604 horam
525 547 620 624 quieti
640 546 697 604 snb
711 544 821 604 umbra
834 555 885 602 aut
899 544 929 603 in

97 625 244 717 spelunea
258 626 355 693 dabat,
376 619 470 684 st'ante
491 625 527 682 ad
550 629 629 684 latus
643 626 769 701 psittaco
783 635 813 680 et
828 625 931 682 Lamis

18 749 23 764 .
97 706 180 762 circa
202 703 356 763 dominum
372 705 593 764 recubantibus.
616 707 700 764 Τιιιιι
714 706 765 764 ille
781 704 931 764 interdum

97 786 217 851 sedens,
231 784 390 844 animalia
382 795 447 855 csta,
460 784 489 842 in
503 804 571 862 quae
587 785 706 843 defixos
719 785 835 844 tenebat
859 803 931 844 ocu·

95 865 152 932 los,
170 867 388 942 alloquebatur,
403 867 492 924 rerba
507 881 561 924 sua
584 865 713 943 intelligi
739 877 832 933 ratus;
855 865 931 923 adeo

96 945 151 1002 ille
166 945 312 1024 gestiebat
327 963 399 1004 cum
416 945 564 1028 animqnte
578 948 709 1024 quodam
723 946 833 1004 mentis
848 945 933 1022 cogi

95 1026 223 1084 tationes
242 1041 409 1102 sensusque
430 1011 666 1096 communicare,
680 1037 713 1084 ut
728 1023 840 1100 saepirls
854 1025 929 1083 obli·

97 1106 268 1164 visceretur
283 1124 315 1162 se
340 1123 412 1164 cum
427 1106 604 1166 animalibus
619 1107 739 1166 rationis
754 1107 931 1198 expertibus

98 1202 270 1243 sermonem
287 1188 405 1243 babere.
448 1186 577 1259 Quoties
599 1199 700 1245 antem
716 1187 863 1261 psittacus
878 1205 932 1244 vo·

98 1283 167 1323 cern
183 1264 318 1324 distinctd
333 1266 498 1335 emittebat,
513 1279 592 1326 tanta
606 1279 670 1326 erat
688 1270 864 1322 Robinsonlr
880 1269 932 1324 lae·

98 1345 174 1415 titia,
190 1358 222 1404 ut
235 1349 393 1404 humanam
406 1365 513 1404 vocem
528 1348 631 1405 audire
648 1347 704 1404 sibi
720 1347 879 1412 rideretur,
889 1357 931 1404 at.

98 1441 160 1518 que
176 1423 252 1483 adel>
263 1427 380 1494 insulae,
396 1427 555 1495 laruarum,
570 1427 750 1518 psittacique
763 1427 885 1494 oblitus,
899 1445 931 1482 se
1006 1457 1008 1472 ι

97 1505 177 1564 inter
203 1509 337 1564 homines
365 1505 479 1562 versari
502 1507 557 1564 sibi
586 1508 766 1584 cogitatione
794 1487 931 1589 iiqgeret.

100 1585 162 1645 Sed
186 1603 256 1643 cum
277 1585 362 1642 brevi
385 1599 578 1645 evanesceret
603 1605 687 1644 error
707 1588 758 1643 ille
779 1581 932 1644 blandissi-

98 1684 180 1734 mus,
192 1676 259 1724 tum
275 1665 505 1724 admemoriam
511 1668 689 1726 solitudinis
710 1667 896 1760 revolutus,
889 1684 933 1724 m·

15 1807 17 1816 ,
66 1749 73 1758 ’
100 1747 299 1822 gemiscebatr
321 1752 410 1802 miser
433 1747 600 1804 Robinson!

88 1831 93 1838 '
142 1827 206 1884 Sub
220 1823 354 1884 horam
339 1846 355 1884 a
369 1827 494 1885 meridie
507 1829 670 1886 secundam
684 1829 720 1884 ad
737 1828 873 1896 arborem
887 1844 933 1894 re·

92 1924 219 1975 sersus,
246 1925 353 1965 rursus
379 1906 505 1966 instabat
531 1927 640 1986 magno
668 1907 761 1982 operi.
803 1907 837 1964 ln
873 1925 933 1983 quo

19 1993 35 2024 θ’
99 1988 203 2046 labore
224 1986 387 2046 durissimo
403 1987 534 2063 quotidie
556 1991 630 2046 duas
653 1991 740 2046 horas
755 2004 933 2047 consumere

70 2075 72 2082 ’
89 2066 158 2126 'sibi
185 2080 383 2144 praeceperan
405 2069 515 2142 quibus
530 2069 640 2144 elapsis
654 2069 767 2126 redibat
781 2069 817 2124 ad
828 2070 934 2136 littus,

100 2165 173 2206 curn
189 2149 227 2205 ad
242 2165 354 2222 corpus
368 2145 467 2205 denud
483 2149 675 2217 abluendum,
689 2163 753 2205 tum
768 2149 803 2204 ad
820 2149 934 2206 ostreas

100 2228 330 2304 conquirendas.
373 2227 534 2304 Reliquam
562 2231 641 2286 diem
670 2227 758 2286 variis
790 2230 934 2310 operibus

100 2308 294 2366 hortensibus
306 2309 507 2384 impendebat;
530 2319 559 2365 et
573 2328 655 2368 nunc
665 2327 752 2367 zeam
768 2319 819 2366 aut
833 2301 934 2368 'solane

101 2389 248 2466 plantare,
273 2407 396 2464 sperans
416 2389 479 2448 fore
504 2402 537 2447 ιιι
558 2389 670 2457 οΙιιιι,’
662 2407 732 2464 igne
747 2389 935 2464 recuperato,
999 2387 1008 2404 ²

99 2477 246 2546 magnam
269 2471 335 2528 inde
361 2468 523 2528 utilitatem
552 2481 684 2546 caperet,
710 2486 788 2526 nunc
816 2483 936 2529 teneras

101 2549 213 2624 stirpes
235 2550 359 2608 insertas
380 2551 519 2625 irrigare,
542 2568 619 2608 nunc
646 2567 734 2624 sepes
750 2557 853 2608 serere
869 2552 934 2627 qui·

100 2631 161 2688 bus
173 2633 292 2689 bortum
304 2627 468 2692 clauderet,
479 2645 558 2688 nunc
569 2631 692 2690 arbores
703 2631 936 2698 circumcidere,

18 2739 22 2750 ·
100 2728 264 2801 ramosque
292 2710 416 2770 flectere
445 2709 498 2788 qui
519 2710 575 2768 sibi
597 2713 735 2770 umbram
757 2712 936 2785 hospitalem

101 2789 314 2848 ministrarent.
931 2827 934 2832 -

96 2869 98 2876 ’
143 2870 235 2928 Nunc
250 2882 353 2929 autern
377 2875 529 2929 Robinson
545 2875 627 2950 aegrd
643 2871 710 2930 tulit
730 2870 782 2925 vel·
799 2839 948 2939 longissi-

101 2965 189 3007 mum
205 2949 318 3010 diem
310 2971 339 3010 ιιι
355 2953 411 3011 hac
431 2951 529 3012 insula
547 2953 696 3012 tredecim
720 2948 756 3005 ad
780 2953 889 3002 summ·¹

101 3029 192 3089 horas
208 3031 327 3105 durare,
341 3031 417 3092 aded
432 3042 466 3091 ut
480 3032 581 3091 media
595 3039 710 3096 aeatate,
725 3024 797 3082 hora
810 3040 851 3080 se

492 3129 510 3170 r
524 3117 540 3166 2
