2068 3278
114 187 167 240 136
345 197 501 238 contusos
522 197 692 239 exusoaos.

109 287 201 348 moris
214 303 324 361 expers
337 301 408 344 erat.
424 291 553 344 hortatur
567 289 681 344 socium
695 297 728 344 ut
747 287 849 346 auimo
861 307 927 348 eoo·

109 367 189 426 fidat.
231 367 313 424 'l'um
335 367 501 439 lampadem
526 367 650 431 sinistra,
670 371 840 441 sclnpetum
855 369 926 426 dex·

109 449 155 504 tra
165 458 276 511 tenens,
291 461 419 502 monstro
434 445 546 502 fortiter
559 446 663 502 obvius
677 447 779 502 fertur.
822 449 929 521 Capite

109 523 159 581 rix
172 523 314 591 immisso,
328 525 363 580 ad
372 527 489 580 dubiam
507 525 650 600 lampadis
665 527 761 581 lucem
778 526 841 599 ipse
856 545 930 602 quo·

109 621 168 680 que
184 605 292 678 aliquid
316 603 499 676 conspicatus
515 617 560 660 ext
581 605 659 678 quod
687 605 741 660 sibi
770 609 924 662 horrorem

110 681 246 750 incusam
267 701 362 758 neque
387 681 459 739 aded
476 696 572 738 tamen
588 681 732 758 aufugere
750 683 853 750 roluit;
876 685 928 740 scd

110 764 228 820 admota
242 760 363 836 propius
379 765 524 835 lampade,
539 763 692 836 perspexit
709 761 779 818 nihil
795 760 880 837 plane
895 762 930 820 il·

112 841 163 896 lud
179 859 242 896 esse
266 842 319 896 nisi
336 843 442 896 lamam
458 851 543 898 aetate
559 841 684 896 fractum
704 853 734 896 et
754 843 835 898 senio
856 859 929 898 mox

110 917 309 976 interiturum.
350 919 469 976 Scilicet
497 917 565 975 crlrn
594 919 630 976 iis
657 920 832 976 animalibus
858 938 930 994 quae

111 997 153 1053 sic
170 1003 280 1074 degunt
294 997 334 1055 uti
348 1013 448 1054 natura
463 1017 494 1054 se
510 1001 602 1054 habet.
620 999 697 1053 vires
716 1011 769 1054 non·
782 997 844 1076 jam
856 1017 929 1073 sup·

111 1089 214 1152 petunt
236 1089 267 1134 ut
288 1077 438 1152 anquirunt
452 1091 481 1132 et
502 1089 603 1150 parent
624 1093 693 1150 quae
722 1091 787 1134 sunt
808 1078 863 1134 sibi
892 1079 929 1134 ad

110 1157 222 1213 victum
247 1159 421 1222 necessaria,
435 1167 498 1212 tum
520 1173 587 1212 sese
602 1155 630 1211 in
645 1155 766 1213 latibula
779 1156 930 1232 recipiunt

112 1235 162 1294 ubi
174 1237 377 1309 languoreaut
390 1236 485 1292 medn‘t
498 1247 719 1290 consumuntur.

150 1313 229 1372 cum
244 1315 335 1392 igitur
353 1315 498 1370 Robinson
514 1312 780 1386 circumspiciendo
792 1313 862 1371 nihil
877 1313 930 1371 de-

109 1394 311 1474 prehendisset
333 1407 444 1468 praeter
465 1394 570 1450 animal
593 1391 665 1448 illud
687 1394 807 1450 minime
821 1393 930 1450 timen-

111 1473 193 1534 dum.
215 1470 330 1548 penitus
343 1472 371 1528 m
386 1471 559 1546 speluncam
580 1469 709 1544 irrepsit.
730 1486 832 1529 vocato
846 1475 880 1529 ad
898 1489 932 1530 so

113 1555 237 1624 Frrday.
278 1551 335 1609 Hic
349 1552 403 1608 etsi
420 1557 610 1608 vehementer
624 1551 797 1623 trepidabat,
810 1569 865 1607 non
876 1567 934 1625 po·

111 1631 167 1690 tuit
181 1628 252 1708 quin
265 1629 416 1688 dominum
441 1633 549 1688 ducem
565 1642 749 1703 sequeretur,
768 1641 858 1704 atque
872 1647 931 1687 nou

113 1709 175 1770 eine
190 1709 381 1768 admiratione
402 1710 472 1768 vidit
488 1707 668 1784 quantdpere
693 1709 932 1785 magnitudinem

112 1789 235 1850 monstri
245 1789 334 1847 timor
346 1789 581 1866 exageravisset.

152 1867 229 1928 Cum
244 1867 307 1948 jam
322 1873 400 1926 lama
418 1869 447 1926 in
461 1883 497 1925 eo
517 1877 596 1923 esset
610 1871 647 1924 'ut
668 1879 771 1940 ageret
790 1865 932 1938 animam,
967 1931 972 1936 ,

115 1949 262 2006 Robinson
277 1948 362 2005 illum
376 1965 414 2005 ex
428 1959 511 2004 antro
521 1947 666 2020 propellit
679 1963 781 2022 quern,
795 1963 864 2002 curu
877 1964 932 2004 ex·

113 2027 262 2102 pirarerit,
278 2027 357 2085 tend
378 2021 508 2083 obruat'
532 2023 601 2096 Quo
625 2025 702 2082 lacto
728 2023 875 2082 curiosius
891 2027 932 2082 lo·

114 2123 184 2165 eum
200 2109 398 2181 explorantes,
416 2103 566 2162 inveniunt
579 2119 694 2162 antrum
710 2101 781 2162 satis
794 2105 932 2178 amplum

115 2195 145 2244 et
158 2185 334 2264 jucundum.
375 2185 424 2242 Ex
439 2202 498 2260 quo
513 2201 650 2258 magnam
664 2185 693 2240 in
708 2197 860 2257 posterum
875 2179 934 2241 uti-

115 2265 227 2326 litatem
250 2283 283 2322 se
296 2275 435 2340 capturos
449 2263 612 2338 sperabant3
635 2262 747 2319 scilicet
762 2262 833 2318 illud
846 2259 935 2336 quasi

115 2347 152 2404 de
168 2345 309 2403 industria
331 2352 506 2401 excavatum
530 2351 601 2398 erat.
625 2341 689 2398 Hoc
705 2341 802 2398 statim
821 2341 935 2396 Robin-

115 2442 167 2480 son
177 2425 268 2500 elegit
283 2423 343 2486 ubi,
356 2419 551 2479 fervidissimo
565 2423 636 2479 solis
650 2432 735 2484 aestu,
751 2417 848 2494 lrigus
862 2437 935 2494 cap·

114 2513 198 2560 tarec
239 2503 341 2578 ltaque
356 2501 477 2556 'missus
497 2513 542 2556 est
562 2501 670 2567 Frtdaa
686 2508 719 2556 ut
738 2497 939 2557 instrumenta

116 2580 245 2644 afferren
267 2579 393 2654 quorum
407 2597 463 2653 ope
478 2589 630 2652 coeperunt
650 2578 761 2634 ostium
782 2577 855 2634 antri
870 2595 938 2635 am·
1011 2597 1012 2640 3

116 2657 260 2732 plilicare;
283 2672 372 2732 atque
393 2657 422 2714 in
442 2659 495 2713 lroc
522 2675 622 2731 opere,
635 2657 706 2714 dum
722 2658 859 2713 abessent
874 2657 937 2714 duo
1011 2715 1012 2728 ,

115 2735 217 2808 legati,
234 2746 353 2810 tempus
374 2752 429 2792 uon
450 2735 513 2792 sine
531 2734 716 2814 jucunditate
738 2752 934 2810 consumpse·
1011 2737 1012 2778 t

117 2823 194 2870 rllnt.
