2024 3286
322 236 475 276 noarnsou
499 235 667 277 onusoeus.
871 229 903 279 19
1000 215 1002 238 ¹

84 322 235 381 conlectos
249 325 300 400 qui
315 323 367 382 lilii
381 324 477 383 vicem
491 325 634 394 dolentes,
646 325 782 384 manibus
793 327 830 384 ad
843 343 904 385 coe·

83 403 147 460 lum
174 405 305 474 sublatis,
328 403 435 461 flebant
457 416 487 462 et
507 423 594 462 omne
619 403 740 480 prorstls
765 407 904 464 solatium

82 485 301 541 aversabantur.
343 485 430 541 Tunc
460 485 518 541 alta
545 501 618 542 voce
646 485 801 551 exclamat,
829 487 906 543 inter

84 561 298 620 somniandum:
322 562 448 628 Adsum,
462 565 577 630 adsum,
591 575 730 636 parentes
745 565 902 624 carissimi!

82 641 216 716 dumque
229 643 371 716 amplexu
386 654 512 700 matrem
525 643 606 716 petit,
620 642 730 699 decidit
742 661 779 700 ex
790 647 901 712 arbore;

83 721 135 776 sed
151 718 226 776 lortd
251 723 329 796 quod
351 720 553 796 ipsi'faustum
569 721 635 790 luit,
659 722 761 778 sedem
786 722 814 778 in
839 725 905 780 loco

80 816 138 855 non
163 799 202 856 ita
228 800 348 858 sublimi
371 814 519 876 posuerat,
542 803 701 876 solumque
729 812 788 858 tam
813 803 905 860 denso

82 878 216 952 gramine
231 880 372 938 vestitum
395 893 466 948 erat,
489 892 521 941 ut
535 881 585 937 ille
599 899 668 937 casu
690 881 798 937 nonita
821 884 904 956 gravi
1001 939 1002 956 ,

81 955 242 1014 decideret.
285 957 398 1016 lterdm
421 961 555 1017 arborem
570 979 654 1018 suam
674 959 853 1024 conscendit,
875 963 903 1018 in

80 1039 142 1111 qula
154 1038 290 1094 manibus
301 1039 429 1095 retinens
443 1039 580 1096 surculos
591 1037 671 1096 circel
682 1039 853 1109 eminentes,
867 1043 906 1098 ad
1001 1019 1002 1088 i

80 1127 179 1172 ortum
201 1117 271 1174 solis
286 1118 435 1174 remansit.

122 1196 223 1254 Prima
235 1199 303 1254 luce
318 1197 410 1272 coepit
432 1195 565 1272 cogitare
586 1199 645 1271 qud
658 1197 768 1254 ratione
790 1199 903 1257 victum

81 1273 138 1332 sibi
153 1287 277 1349 pararet.
304 1277 436 1348 ¹Omnes
451 1274 522 1332 verd
537 1277 657 1334 arbores
672 1295 746 1352 quas
761 1277 903 1335 bactensis

997 1123 1002 1196 l

81 1369 288 1428 conspexerat,
311 1368 392 1412 erant
407 1374 445 1411 ex
470 1373 573 1412 earum
590 1373 700 1431 genere
720 1375 793 1432 quas
821 1361 904 1413 Cam·
1001 1353 1002 1364 ¹

76 1437 171 1502 adelae
186 1435 442 1510 vdcamus;·atque
456 1434 517 1492 illae
532 1433 601 1492 folia
613 1435 744 1510 quidem,
759 1437 811 1494 sed
824 1437 922 1494 fruc·.
1001 1433 1002 1440 '

80 1523 130 1569 tus
143 1511 374 1650 ferunaeomnind
390 1515 497 1570 nullos.

121 1593 189 1648 Nec
204 1613 235 1668 sa
250 1613 274 1651 ts
285 1594 329 1650 illl
341 1593 470 1668 liquebat
481 1593 551 1668 quid
564 1593 618 1650 sibi
632 1593 799 1652 faciendum
815 1608 902 1654 esset.

80 1669 132 1727 Er
145 1670 248 1748 arbitro
262 1683 360 1730 tamen
382 1671 541 1730 descendit.
584 1671 661 1734 Cdm
684 1685 785 1732 autem
808 1675 902 1750 pridid

79 1750 151 1808 nihil
174 1751 290 1808 omnind
313 1751 502 1818 comedisset,
523 1754 614 1826 coepit
638 1753 716 1810 fame
738 1754 903 1826 saevissima‘t

11 1875 15 1884 .
79 1830 223 1900 labomre3
245 1829 418 1908 itaque‘huc
434 1832 506 1902 illuc
521 1851 575 1906 per
596 1834 707 1906 aliquot
721 1833 814 1892 millia
836 1853 902 1909 pas-

80 1925 169 1967 suum
184 1911 334 1979 discurrit3
349 1913 400 1968 sed
416 1912 609 1968 discurrendo
629 1913 699 1970 nihil
715 1913 833 1984 invenit,
845 1915 902 1972 nisi

79 1991 201 2046 arbores
216 1991 332 2048 steriles
347 2002 377 2046 et
390 1991 531 2064 gramina.

119 2069 207 2127 Tunc
223 2089 345 2127 summo
356 2087 466 2142 angore
481 2071 672 2129 excruciatus
687 2071 795 2130 famem
805 2084 841 2130 ’et
856 2075 902 2131 nl·

78 2149 152 2206 tima
178 2149 296 2208 sibimet
317 2149 510 2206 ominabaturs
533 2151 721 2208 Pet-eundum
748 2153 820 2210 milri
839 2147 902 2210 ¹erit

78 2226 168 2285 fama!
195 2231 354 2295 exclamem
382 2228 589 2288 miserabiliter
616 2230 741 2308 ejulans.
783 2233 901 2307 Despe-

78 2308 152 2364 rantl
167 2307 237 2365 verb
254 2308 415 2365 necessitas
434 2307 505 2364 satis
526 2309 616 2368 animi
630 2309 798 2386 viriumque
820 2310 901 2388 adje-

57 2409 64 2426 *
79 2386 130 2452 cit,
146 2399 178 2445 ut
192 2405 222 2442 se
237 2389 273 2445 ad
286 2388 367 2444 littus
379 2388 470 2445 maris
485 2387 634 2446 conferret
650 2390 900 2466 investigaretque

10 2458 27 2510 ,'
79 2465 251 2542 diligentids
275 2464 385 2542 siquid
407 2465 481 2524 sorta
498 2469 800 2526 alimenti-inveniret.
842 2471 900 2528 Sed

79 2563 132 2602 sua
147 2565 217 2606 enm
233 2565 303 2622 spes
317 2547 430 2604 l'elellit.
475 2549 534 2606 llic
549 2546 620 2605 verb
642 2549 810 2607 debilitatus
824 2549 901 2607 frac-

77 2635 187 2700 tusque
209 2626 378 2702 procubuit,
401 2626 518 2685 faciein
532 2639 643 2686 terram
666 2629 804 2698 demissa,
829 2629 900 2686 llen·

78 2716 200 2781 temque
213 2703 323 2764 miseni
334 2705 471 2780 poenituit
485 2706 565 2786 qudd
576 2725 632 2765 non
643 2705 749 2765 fuisset
761 2708 901 2768 ductibus

78 2795 109 2842 et
125 2786 190 2860 ipse
205 2790 338 2843 obrutus.
380 2785 420 2843 Et
431 2787 495 2864 jam
509 2797 650 2846 statuerat
664 2787 692 2844 in
708 2791 763 2844 hoc
778 2789 901 2844 misera-

78 2865 129 2922 bili
155 2883 257 2923 retum
280 2867 404 2923 articulo
427 2880 596 2941 expectare,
620 2868 693 2924 dum
709 2869 786 2923 lento
805 2865 901 2922 fames

60 2959 174 3002 >morte
189 2947 322 3002 omnium
338 2945 490 3005 teterrimi
505 2959 694 3004 consumeret
715 2947 900 3014 vitaliacum

77 3023 151 3084 lond
163 3043 338 3097 conversus,
352 3043 426 3083 ecce
436 3027 593 3104 conspexit
602 3027 757 3086 nonnullas
770 3025 899 3084 marens

729 3185 752 3238 d

1000 3033 1002 3110 l

946 3131 947 3135 '
1000 3111 1002 3198 l
