2048 3288
105 229 141 279 56
342 235 504 278 nonrnson
525 237 695 279 onosoaos.

104 327 176 406 quid
191 340 291 386 autem
305 337 350 386 est
365 329 443 403 quod
462 327 524 384 sine
539 329 638 384 labore
655 325 789 386 homines
811 318 933 400 assequi

105 406 231 486 possint?
275 408 359 465 Nihil
386 406 455 465 vero
471 420 532 465 tam
556 410 683 465 arduum
706 407 785 482 quod
808 423 864 462 non
880 404 941 462 en·x

104 501 220 564 pugnet
235 487 370 563 pertinax
388 490 478 545 labor.
522 489 683 542 Robtnoom'
697 503 817 563 quoque
831 503 879 542 res
894 502 934 542 ex

105 581 174 626 voto
186 569 287 635 cessit;
310 569 389 646 quod
405 581 474 626 enm
488 570 567 626 tanta
580 557 679 624 affecit
696 568 809 634 taetitit,
823 577 935 641 quanta
1014 635 1016 646 Ι

105 649 205 707 verbis
219 648 351 722 exprimi
366 667 422 705 non
438 651 537 720 possit.

145 728 212 787 Jam
240 731 414 784 Robinsonia
438 728 554 785 habitus
579 727 765 801 vestitusque
790 728 860 784 vere
876 723 935 784 siu·
1014 759 1016 776 ι

104 808 221 888 gularis
232 808 295 866 luit.
342 809 366 862 Α
383 808 479 883 'capite
494 809 530 865 ad
545 806 658 864 calcem
674 809 804 881 pellibus
819 805 935 864 villosis

106 889 254 957 horridum
279 887 370 964 gladii
385 890 461 954 loco,
478 887 578 944 securi
598 885 716 961 lapidea
730 888 857 953 cinctus3
881 903 936 960 ge-

106 972 189 1026 rebat
207 970 339 1026 humeris
355 987 457 1042 peram
472 967 663 1029 venatoriam,
684 985 849 1043 arcumque
861 984 934 1024 cum

106 1047 252 1106 fasciculo
272 1049 458 1121 sagittarum
482 1049 587 1104 dextra
601 1049 714 1104 hastam
733 1045 798 1121 ipso
822 1045 936 1122 longio-

107 1147 182 1190 rem,
207 1129 325 1187 sinistra
338 1130 502 1186 umbellam
516 1139 630 1184 textam
656 1127 824 1195 viminibus,
846 1139 936 1203 atque

107 1208 186 1267 loliis
201 1227 333 1267 cocossae
350 1210 485 1276 obsitam;
509 1226 562 1282 pro
579 1207 657 1282 pileo
671 1207 800 1283 denique
811 1209 936 1265 corbem

19 1295 23 1304 '
108 1301 305 1366 praeacutam,
315 1289 444 1362 pellibus
456 1288 561 1345 setosis
577 1288 688 1360 pariter
700 1295 820 1344 tectam.
843 1287 939 1361 Cogi·

108 1381 179 1436 tate,
193 1369 561 1462 quaeso,qualisaspecrus
573 1366 700 1424 nominis
713 1363 812 1424 fuerit.
827 1367 937 1425 Risum

108 1449 174 1524 ipse
189 1469 245 1507 nou
260 1450 363 1517 tenuit,
377 1447 446 1508 crlrn
462 1465 551 1506 suum
566 1447 774 1524 lympharum'
767 1465 796 1505 m
811 1449 938 1523 speculo

110 1530 182 1588 vidit
195 1529 401 1587 simulacrum.
1013 1531 1016 1562 '³

152 1612 217 1668 Hac
233 1627 335 1666 rerum
350 1609 379 1668 in
404 1609 570 1667 conditione
588 1609 738 1682 Robinaoq
753 1609 939 1677 versabatur,

109 1689 181 1750 crim
197 1707 267 1746 casu
298 1691 427 1764 quodam
451 1690 613 1762 impeditus
635 1701 681 1746 est
708 1705 799 1766 quem
820 1687 939 1768 jamdiu

110 1783 269 1828 metuerat:
292 1769 321 1824 in
337 1777 476 1826 morbum
492 1769 604 1826 incidit.

153 1855 199 1908 Ac
216 1845 323 1924 primo,
340 1849 484 1906 stomachi
499 1849 665 1925 capitisque
681 1849 833 1907 doloribus
848 1849 941 1906 allec-

111 1943 187 1999 tum,
203 1942 233 1987 et
245 1929 383 1986 omnibus
399 1930 542 1988 membris
557 1927 714 2005 fatigatum
730 1948 761 1987 se
775 1929 941 1999 sensitrde·

111 2010 268 2086 utrimque.
294 2028 414 2068 summo
436 2009 526 2067 animi
550 2027 660 2080 angore
682 2021 711 2065 et
733 2009 865 2085 deliquio
886 2027 942 2085 op·

112 2109 246 2166 pressus,
267 2089 296 2148 in
317 2104 428 2146 terram
455 2089 620 2148 collabitur.
662 2089 758 2147 Vocis
772 2107 883 2166 expers
898 2101 941 2148 at
1013 2133 1015 2144 ι

111 2190 172 2248 que
188 2173 301 2239 sensus,
312 2159 437 2227 oculos
431 2188 458 2226 ιιι
474 2173 586 2228 coelum
602 2169 716 2247 deligit.
738 2170 829 2226 Alme
841 2169 939 2228 Deus'

113 2253 256 2310 miserere
272 2251 343 2308 mei!
375 2250 453 2310 Haec
468 2253 530 2310 sola
545 2249 668 2311 subinde
682 2268 792 2327 magno
805 2268 875 2308 cum
888 2269 942 2330 ge·

111 2333 187 2390 snitu
201 2331 333 2406 protulit.
654 2352 659 2363 ¹

83 2463 95 2480 ,
154 2413 264 2488 Neque
278 2424 378 2470 tamen
394 2409 443 2469 diu
458 2424 582 2487 propter
593 2409 773 2469 anxietatem
783 2411 943 2488 quiescere

113 2493 220 2568 potuit:
262 2491 343 2550 Ctlm
369 2491 514 2568 quidquid
542 2491 650 2550 virium
672 2503 829 2565 supererat
851 2493 944 2551 colle·

115 2573 218 2649 gisset,
234 2589 267 2628 ea
283 2591 351 2648 quae
368 2573 404 2630 ad
433 2589 538 2630 curam
553 2573 601 2630 sui
623 2571 756 2632 maxime
777 2573 947 2636 necessaria

114 2664 223 2719 essent,
246 2651 339 2728 prope
364 2663 491 2710 stratum
515 2653 605 2726 ponit,
634 2663 676 2718 ut,
693 2651 724 2714 si
739 2664 862 2726 propter
884 2652 945 2709 vim

114 2731 211 2790 morbi
225 2749 352 2805 surgere
366 2751 423 2789 non
434 2741 546 2804 posset,
558 2733 679 2788 haberet
690 2741 790 2788 tamen
805 2749 866 2807 quo
875 2749 949 2807 pau-

35 2839 39 2846 ·
115 2811 212 2870 lulum
229 2812 446 2879 sublevaretur,
470 2811 565 2868 sed
538 2831 589 2870 vrx
614 2811 706 2869 valuit
728 2813 883 2868 nonnullas
899 2829 950 2869 co·

114 2910 211 2950 cossae
227 2891 355 2948 conchas
366 2909 453 2983 aquae
469 2893 572 2964 plenas
596 2905 757 2966 asportare,
774 2909 849 2967 quas
859 2887 950 2968 juxta

116 2973 242 3029 stratum
258 2969 424 3029 collocavit.
466 2968 549 3028 'rum
572 2971 686 3046 aliquot
701 2971 806 3028 tubera
825 2969 904 3028 lrixa
918 2979 950 3028 et

115 3064 242 3126 quatuor
256 3052 334 3110 mala
362 3051 466 3123 citrea,
490 3069 560 3128 quas
576 3051 693 3127 reliqua
707 3051 844 3122 babebat,
865 3049 950 3109 addi·
