2068 3278
243 291 245 298 y
308 237 459 278 uostnson
481 235 650 278 onusosus.
836 231 884 282 131

69 333 213 388 Attamen
240 329 369 402 scaphae,
395 327 531 405 quamvis
553 327 683 386 maxime
705 342 831 389 oneratae
859 346 889 391 et
934 351 937 360 ¹

66 409 210 468 fluctibus
235 409 346 464 crebris
366 407 494 486 jactatae,
517 410 660 466 undarum
691 408 750 464 vim
767 429 887 486 supera-

67 493 147 555 bant;
170 505 203 544 ac
219 483 339 543 detniun
367 499 477 561 praeter
499 503 619 544 omnem
642 487 888 560 expectationem,

67 568 191 626 nemine
207 566 325 634 amisso,
338 569 373 622 ad
399 567 524 622 insulam
539 568 623 639 plane
637 567 768 640 ignotam
783 571 887 630 delatae

66 663 149 714 sunt,
162 645 250 722 cujus
260 648 294 699 ab
307 645 409 700 incolis
422 643 631 701 humanissime
644 647 761 719 excepti
774 667 887 706 sumus.

67 725 175 784 Vitam
191 725 268 797 apud
282 722 349 780 iilos
361 722 417 780 hirc
432 741 525 798 nsque
538 725 684 798 degimus,
698 729 887 804 suoquisqne

65 805 170 870 modo,
187 805 295 859 misero
314 802 366 859 illo
377 802 507 877 quidem;
523 803 637 860 barbari
648 803 757 878 quippe
772 809 886 866 nullutn

67 901 179 960 agrum
204 895 380 938 exercentes
400 880 532 960 piscibus
546 879 657 960 tannim
683 882 887 962 fructibusque

67 975 242 1019 vescuntur.
284 961 332 1016 Illi
347 962 499 1021 nobiscum
521 960 644 1016 libenter
667 979 751 1018 suam
766 965 888 1024 cibario·

66 1060 136 1099 rum
152 1041 329 1116 paucitatem
342 1041 643 1106 communicaverunt,
656 1059 767 1115 nosque
779 1045 886 1106 docue.

65 1131 136 1178 runt
164 1123 223 1195 qua
237 1130 298 1174 arte
320 1117 508 1192 piscarentur
527 1129 560 1176 ut
584 1119 639 1192 ipsi
654 1137 721 1194 quae
744 1128 886 1182 essentad

69 1199 229 1258 vivendum
255 1198 420 1254 necessaria
441 1215 621 1272 pararemus.
661 1197 762 1272 Longe
785 1204 888 1260 melior

67 1277 136 1336 sane
162 1287 224 1333 erat
251 1277 404 1350 nigrorum
427 1275 579 1334 hominnm
603 1278 740 1343 conditi03
771 1279 883 1355 quippe

66 1359 120 1433 qui
134 1370 165 1414 et
178 1357 246 1412 huic
263 1355 329 1414 vitae
347 1357 465 1422 assueti,
478 1367 506 1412 et
516 1373 591 1412 nunc
606 1355 633 1412 in
649 1359 813 1416 libertatem
827 1363 888 1418 vin·

68 1437 158 1495 dicati
172 1446 279 1492 essent.

106 1515 247 1572 “Paucis
274 1513 377 1570 adhinc
389 1515 492 1571 diebus
513 1533 586 1588 gens
604 1517 740 1591 quaedam
764 1517 886 1576 finitima

67 1597 176 1655 iosuiae
192 1596 304 1650 bellum
316 1593 422 1650 intulit.
442 1593 539 1664 ¹Tunc
554 1613 657 1650 oannes
668 1613 748 1652 arma
758 1597 886 1682 capiunt3

65 1695 119 1733 nos
142 1691 265 1749 quoque
280 1671 488 1730 existimamus
502 1685 634 1730 nostrum
660 1691 726 1730 esse
745 1675 887 1744 officium,

67 1767 201 1813 sanctum
226 1764 315 1826 atque
339 1751 480 1818 solemne,
502 1752 663 1826 hospitibus
675 1765 734 1811 tam
748 1757 886 1814 humanis

68 1831 215 1892 auxiliari.

103 1921 122 1954 ‘⁶
136 1913 204 1986 Ego
228 1911 347 1986 quidem
370 1908 388 1967 ai
412 1911 502 1968 latere
529 1907 679 1968 fortissimi
702 1911 781 1970 illius
808 1905 886 1970 senis

68 1989 207 2068 pugnavi,
222 1990 274 2064 qui
300 1989 392 2046 ieonis
412 1991 502 2047 instar
524 1989 552 2046 in
574 1994 673 2047 hostes
695 1991 887 2051 densissimos

69 2072 159 2130 irruit.
204 2068 305 2138 Quem
320 2067 389 2125 edm
401 2073 436 2125 ab
447 2068 577 2126 hostibus
589 2071 826 2128 circumventum
843 2073 885 2128 vi·

23 2191 25 2208 ,
70 2153 190 2214 dissem,
209 2149 281 2204 dum
296 2147 446 2205 dimicanti
459 2166 547 2222 opem
567 2147 644 2205 ferre
666 2167 803 2224 propero,
821 2151 885 2224 ipse

71 2229 169 2288 inieii'x
184 2245 253 2283 cum
264 2244 300 2284 eo
316 2241 421 2302 captus
436 2245 513 2284 aum.
537 2227 624 2284 Duos
640 2228 706 2284 inde
721 2229 785 2285 dies
800 2231 886 2285 duas-

73 2327 126 2386 que
153 2319 256 2363 noctes
278 2305 410 2363 manibus
433 2308 619 2381 pedibusque
634 2308 721 2362 vincti
736 2308 886 2382 degimus,

72 2389 115 2446 siti
129 2386 251 2460 insuper
260 2383 398 2460 fameque
408 2387 583 2450 excruciati.
620 2386 771 2443 Hodierno
784 2397 884 2442 autem

72 2470 114 2526 die
129 2466 179 2522 vix
195 2476 299 2520 exorto
310 2465 345 2520 aid
360 2467 484 2538 scaphas
499 2465 705 2540 protrahimur,
720 2465 832 2521 scilicet
844 2478 885 2529 tat,

75 2567 122 2622 pro
136 2544 201 2601 fero
215 2561 269 2600 suo
290 2561 385 2612 more,
406 2547 538 2618 praedam
554 2543 597 2601 illi
618 2555 761 2600 vorarent.
803 2543 884 2600 'l'um

75 2623 136 2683 verb
148 2622 245 2681 divina
259 2623 450 2696 providentia,
466 2641 527 2689 vos,
538 2641 556 2678 ο
566 2622 620 2679 viri
631 2621 721 2679 fortes
735 2623 885 2698 magnani-

77 2705 176 2780 mique,
191 2703 226 2758 ad
241 2718 293 2758 nos
309 2703 466 2759 servandos
479 2702 568 2768 misit,
588 2713 621 2760 ut
643 2701 726 2757 vobis
738 2699 885 2778 ejusmodi

77 2779 245 2840 beneficium
268 2781 457 2860 deberemus,
472 2782 549 2857 quod
578 2783 692 2838 solvere
720 2795 883 2851 numquam

77 2863 125 2919 erit
135 2863 163 2919 in
176 2861 275 2918 nostra
287 2861 460 2936 potestate.”

112 2941 258 3016 hispanus
270 2939 316 2998 his
330 2939 416 2998 dictis
430 2938 580 3008 conticuit,
602 2935 704 2994 effusis
724 2945 824 2991 autem
840 2935 848 2944 '

80 3021 175 3094 crymis
193 3017 370 3095 significarit
384 3016 473 3105 quim
488 3029 572 3094 grato
584 3025 661 3072 esset
673 3011 779 3072 animo.

985 180 987 210 i

986 218 988 240 t

987 256 989 280 t
