2068 3278
331 237 493 282 aosrnson
508 240 682 281 causostis.
882 200 920 283 9i

86 353 156 394 rum
170 331 273 392 testes!
294 331 415 390 Valere!
439 325 529 410 atque
552 337 607 391 hoc
630 334 737 391 ultimo
759 335 824 392 vale
846 317 923 395 inter

87 415 239 492 singultus
251 413 371 483 emisso,
381 414 410 472 in
421 414 500 472 viam
511 432 581 492 quae
591 414 627 470 ad
639 414 722 472 littus
733 415 872 488 ducebat,
889 437 921 474 se

46 491 48 498 ’
87 495 221 554 contulit,

91 604 95 616 ι
129 575 237 632 Eundo
259 573 441 632 fidissimum
460 575 516 634 sibi
537 573 701 649 psittacum
722 591 778 650 per
799 579 921 636 arbores

88 655 237 714 volitando
261 665 439 730 sequentem
472 654 691 712 animadvertit.
734 655 816 713 Tum
848 656 920 716 verti

87 737 186 794 vietus
214 737 365 793 voluntate
391 733 459 812 ejus
493 751 599 792 secum
627 735 804 804 abducendi,
835 750 921 796 vocat

87 817 173 886 Pale,
191 817 273 872 Pole.
316 815 371 873 iiie
398 812 643 872 verbce'lerrime
668 816 777 884 desilit;
801 815 922 892 atquee

87 894 199 954 domini
214 913 303 954 manu
318 895 522 952 innumerum
537 898 682 969 provolat.
725 897 843 954 Interea
855 900 922 953 Fri·

87 977 147 1048 day
174 992 268 1034 morae
285 975 445 1049 impatiens
463 976 491 1032 in
513 975 611 1032 littore
627 979 813 1050 expectabat,
838 975 922 1034 crim·

87 1071 147 1130 que
169 1057 321 1112 Robinson
335 1055 372 1112 ad
401 1072 473 1112 eum
495 1057 690 1130 pervenisset,
712 1058 799 1114 ambo
811 1073 921 1114 navem

88 1136 287 1193 conceudunt.

128 1215 300 1272 Tricesimo
311 1214 359 1273 die
373 1215 555 1284 novembris,
566 1217 640 1274 hora
650 1217 756 1294 octava
766 1215 921 1284 matutina,
990 1277 993 1284 ,

87 1313 164 1354 anno
178 1306 245 1370 post
269 1297 448 1351 Robinaorn'a
470 1297 499 1353 in
515 1299 590 1353 hanc
612 1297 740 1354 insulam
760 1299 922 1354 adventum

86 1394 175 1443 nono,
189 1377 268 1434 coeio
283 1375 485 1445 serenissimo,
502 1387 650 1450 ventoque
666 1373 799 1433 maxime
814 1395 922 1434 secun·

88 1459 128 1516 do
143 1453 270 1531 perfecti
285 1467 361 1514 aunt.
403 1457 468 1513 Vix
494 1470 595 1514 autem
611 1455 731 1512 circiter
747 1458 806 1512 duo
828 1457 922 1514 millia

88 1555 237 1614 passuum
268 1536 431 1612 progressi,
458 1537 495 1592 ad
531 1535 699 1592 continuam
726 1538 922 1610 scopulorum

91 1617 202 1674 seriem
228 1619 392 1692 pervenere
416 1613 556 1692 longeio
581 1633 663 1672 mare
685 1629 923 1690 procurrentem.

90 1698 228 1773 Uterque
245 1697 450 1770 periculosum
472 1695 587 1770 putavit
609 1713 681 1752 saxa
696 1696 752 1753 ista
767 1715 921 1770 superare.

89 1777 279 1853 Itaqueveio
303 1779 331 1834 in
357 1775 446 1833 aliam
470 1787 586 1850 partem
611 1777 735 1845 directo,
760 1776 922 1833 circumire

88 1857 233 1918 nituntur.
275 1855 355 1914 Cum
367 1865 468 1914 autem
483 1855 527 1914 illi
542 1866 711 1913 extremam
726 1868 841 1930 partem
857 1875 923 1912 sco·

89 1938 233 2014 polorum
253 1936 304 1994 vix
332 1936 511 2014 attigissem
536 1938 679 2011 scapham
706 1938 827 1993 summa
851 1953 921 1992 cum

89 2015 248 2075 velocitate
277 2016 373 2091 abripi
399 2017 648 2084 animadvertunt;
674 2015 809 2072 exterriti
832 2017 921 2072 ambo

88 2099 193 2155 velum
209 2096 363 2172 colligere,
377 2095 583 2154 existimantes
598 2097 711 2172 quippe
732 2095 922 2169 repentinum

89 2194 158 2235 esse
174 2177 253 2234 venti
265 2172 423 2252 imp'etum.
463 2177 588 2234 Frustra
604 2174 685 2244 verm
709 2178 820 2250 scapha
842 2175 922 2232 enim

13 2317 17 2324 ,
88 2257 120 2316 in
133 2274 274 2332 praeceps
284 2273 378 2332 prona
388 2255 512 2330 rapitur,
523 2256 682 2332 medioque
693 2256 720 2313 in
723 2258 852 2329 flumine
863 2273 922 2310 ma·

88 2343 155 2406 rino
167 2337 279 2394 versari
294 2355 327 2394 se
343 2337 522 2414 intelligunt.

132 2417 216 2474 Tum
237 2419 326 2474 ambo
354 2417 469 2476 viribus
490 2414 659 2495 conjunctis
679 2414 772 2474 remis
794 2415 922 2490 pertina-

89 2493 158 2555 cius
171 2514 255 2554 mare
279 2498 449 2566 verberare,
461 2499 485 2556 si
501 2495 614 2572 possint
629 2499 772 2570 scapham
794 2495 921 2571 eripere.

79 2573 149 2636 ''llla
164 2575 235 2634 verb
250 2575 338 2653 fugit,
361 2577 456 2636 instar
470 2577 599 2656 sagittae,
618 2579 697 2634 tanti
719 2576 873 2633 celeritate
888 2586 923 2633 ut

88 2654 177 2715 brevi
199 2675 251 2715 ora
272 2657 378 2718 insuIae
402 2658 498 2717 oculis
525 2659 758 2715 subtraheretur.
800 2655 867 2714 Jam
892 2657 922 2713 in

85 2737 255 2796 'discrimen
265 2738 334 2796 vitae
347 2757 380 2796 se
396 2738 566 2814 pervenisse
581 2735 720 2794 sentiunt.
762 2737 793 2794 N
796 2755 831 2792 ee
843 2738 921 2793 mul·

88 2815 123 2884 to
134 2829 206 2894 post
220 2837 339 2877 summa
354 2823 475 2894 quoque
490 2817 635 2875 montium
652 2817 809 2874 cacumina
822 2833 861 2871 ex
876 2833 924 2872 as·

87 2910 185 2976 pectu
207 2901 369 2965 recessere.
426 2895 516 2970 Qubd
541 2897 567 2956 si
590 2909 661 2956 tuno
683 2897 773 2954 etiam
788 2895 922 2967 impetus

88 2977 253 3054 paululum
268 2977 444 3046 remisisset,
463 2989 563 3037 actum
588 2987 689 3035 tamen
717 2978 754 3032 de
769 2975 829 3032 illis
850 2984 923 3044 erat,

89 3057 221 3134 quippe,
236 3057 300 3134 qui,
324 3057 396 3118 etim
417 3068 554 3126 carerent
568 3058 685 3130 pystus
697 3054 830 3125 nautica,
842 3051 919 3113 viar

498 3155 510 3195 r
