2048 3288
346 232 506 274 nourusou
521 231 695 275 cauteres.
895 219 931 275 tt

98 321 247 401 progredi
260 341 316 380 non
331 335 459 398 poterat.
502 324 570 381 Etsi
593 321 884 417 periculosissimum
906 324 935 383 ei

98 406 259 462 videbatur
274 416 449 478 pernoctare
465 405 493 460 in
509 407 576 461 loco
589 403 679 462 nuliis
703 390 853 480 praesidiis
868 423 935 464 tnu-

95 485 174 552 nito,
200 497 331 541 attamen
354 485 519 542 necessitas
542 485 616 540 illud
644 486 820 559 postulabat.
869 484 934 544 Vix

96 575 205 623 autem
220 563 304 620 humi
330 581 362 620 se
386 575 595 636 prostraverat,
611 562 680 621 etim
699 581 799 640 neque
813 565 934 624 omnino

1 655 2 663 ’
99 645 228 720 zopirus,
241 661 341 719 neque
356 643 474 701 omnino
486 645 568 718 vigil,
580 645 608 700 in
619 645 760 720 ambigue
771 647 867 702 somni
881 663 933 704 ex·

97 723 280 801 pectatione‚
294 741 367 782 ecce
383 725 480 781 subito
494 737 608 781 terrore
624 725 803 799 perhorruit.

143 805 263 861 Vocem
277 803 390 862 audivit
402 804 495 860 veluti
506 806 586 863 coeIo
600 805 773 873 demissam,
789 807 855 864 haec
870 823 936 864 rer·

96 886 139 943 ba
154 882 308 942 articulate
321 882 533 959 proferentem:
557 887 632 952 Ave,
649 885 808 941 Robinson.

94 971 114 1004 -’“
144 966 296 1020 Robinson
312 964 489 1039 perterritus
503 963 598 1032 exilit,
611 977 672 1022 toto
684 983 810 1040 corpore
820 977 936 1025 contre·

97 1043 246 1111 miscens,
273 1053 303 1101 et
325 1043 410 1119 plane
429 1043 517 1118 inops
531 1044 654 1101 consilii.
696 1047 745 1102 Ac
759 1045 869 1104 iisdem
881 1047 937 1104 ite-

99 1141 172 1182 rum
187 1123 304 1192 auditis,
318 1123 446 1182 oculos'
439 1141 467 1180 rn
483 1141 554 1180 eum
570 1125 671 1181 locuni
693 1123 797 1182 timide
812 1141 936 1185 conver·

1 1245 2 1252 ι
98 1203 166 1272 tit,
178 1204 255 1261 unde
282 1221 342 1260 vox
368 1201 502 1296 profecta
523 1215 597 1260 erat.
639 1204 722 1262 'lum
752 1205 835 1274 vidit,
855 1205 937 1282 quod

98 1281 206 1342 sane
199 1301 307 1358 ignavo
333 1285 444 1360 cuique
471 1283 500 1340 in
528 1297 670 1360 promptu
697 1297 787 1354 esset,
810 1285 836 1342 si
860 1303 937 1356 rem,

100 1364 281 1440 priusquam
295 1364 413 1422 enimus
427 1365 663 1438 perturbaretur,
684 1363 775 1440 paulo
796 1364 937 1424 attentius

101 1443 315 1512 considerarem
339 1445 411 1500 vidit
426 1462 458 1499 se
474 1461 548 1500 vano
567 1448 652 1502 metu
677 1446 815 1502 territum
830 1445 936 1517 fuisse3

101 1524 217 1600 quippe
230 1541 289 1581 vox
304 1525 354 1580 illa
369 1523 504 1598 profecta
517 1535 580 1580 erat
595 1542 653 1580 non
670 1527 708 1582 de
728 1527 818 1593 eoelo,
832 1529 885 1583 sod
900 1528 938 1600 de

11 1673 14 1678 ,
64 1673 68 1678 ι
104 1621 191 1662 ramo
217 1603 245 1660 in
260 1623 321 1679 quo
343 1603 517 1660 carissimus
532 1603 586 1660 sibi
612 1604 757 1662 insidebat
774 1601 934 1680 psittacus.

102 1683 188 1740 Tum
204 1681 274 1741 vero
296 1695 396 1741 metus
418 1683 448 1740 in
470 1684 605 1740 iaetitietn
629 1683 759 1742 vertitur·
770 1683 851 1760 quoti
866 1704 937 1744 cau·

1 1749 15 1804 '—
102 1781 172 1821 sam
199 1765 244 1821 rei
270 1763 440 1821 invenisset.
483 1763 611 1820 Manum
644 1765 771 1840 porrigit
799 1767 937 1839 psittaco;

100 1843 157 1902 ine
172 1844 299 1911 devolet,
309 1844 445 1920 dumque
457 1845 571 1902 mutuis
586 1846 661 1901 alter
683 1847 812 1900 aiterum
824 1846 938 1903 blandi·

102 1923 155 1980 tiis
169 1923 451 2000 excipinpsiuacus
466 1925 567 2000 pergit
583 1922 716 2000 proferre
733 1923 873 1983 dictatam
889 1941 935 1983 se·

101 2004 288 2071 lutationem.

84 2147 87 2152 ,
147 2083 208 2140 Hie
222 2094 323 2142 autem
345 2096 439 2144 toturn
465 2083 526 2142 fere
548 2095 667 2143 noctem
692 2087 857 2144 insomnem
879 2096 938 2145 tra·

101 2161 203 2232 dunin
214 2175 278 2220 turn
295 2165 363 2234 cibi,
384 2179 449 2224 tum
464 2165 575 2242 quietis
589 2167 760 2235 immernor,
782 2165 937 2225 fremitum

2 2278 3 2290 ι
100 2261 258 2319 quemque
273 2247 397 2303 auribus
411 2259 541 2320 captans.
581 2246 651 2303 Feri
665 2248 802 2304 homines
816 2251 940 2322 semper

2 2373 3 2378 ,
80 2333 90 2392 j
99 2325 304 2382 occurrebant
326 2326 435 2396 oculis;
457 2326 567 2382 frustra
582 2343 652 2382 vero
664 2326 797 2385 animum
820 2345 837 2382 a
857 2325 939 2387 foedt

2 2422 3 2430 ¹
101 2402 287 2480 cogitatione
302 2408 453 2464 abducere
467 2417 599 2464 tentavit
642 2406 725 2462 Tum
740 2421 772 2463 ut
794 2424 827 2463 se
846 2407 938 2464 tutio·
978 2416 980 2419 ’

2 2517 3 2520 =
100 2501 173 2542 rem
196 2481 227 2540 in
251 2483 389 2544 futurum
404 2495 580 2562 praestaret,
588 2487 681 2560 coepit
695 2486 826 2561 plurima
839 2487 938 2546 animo

2 2603 17 2649 ‚¹
99 2561 229 2622 consilia
253 2567 377 2642 agitare,
405 2584 501 2642 eaque
531 2566 717 2624 stultissima.
761 2566 809 2625 Ex
827 2569 937 2644 quibus

2 2654 5 2710 'a
100 2659 212 2713 unum,
233 2648 313 2720 quod
329 2646 502 2703 incredibile
518 2648 675 2715 videbitur,
689 2648 745 2705 hoe
761 2661 824 2705 etat
838 2660 873 2706 ut
889 2647 937 2705 die

3 2763 5 2800 3
98 2725 210 2782 oborto
223 2727 322 2783 omnia
338 2728 510 2801 adaequeret
522 2727 584 2784 soto
595 2733 664 2802 quae
680 2731 760 2786 tante
773 2727 939 2804 diligentie,

99 2813 186 2861 tento
199 2807 299 2862 labore
314 2819 503 2875 extruxerat3
526 2826 562 2863 ne
577 2809 624 2864 vel
639 2806 798 2866 minimum
814 2807 936 2881 quidem

100 2885 246 2946 humenae
261 2885 416 2946 industriae
429 2887 592 2964 vestigium
606 2888 791 2964 deprehendi
805 2895 906 2960 posset
