2048 3288
340 173 493 217 nosipsos
516 173 690 218 causostis.
894 163 928 213 31

134 264 308 333 Neemora,
317 263 393 322 duos
404 265 520 340 lapides
532 266 603 324 satis
615 267 689 324 latos
700 273 729 322 et
741 265 835 324 laeves
847 282 931 340 quae·

91 343 133 402 rit
147 345 217 422 ejus
230 345 343 402 similes
354 362 392 405 ex
406 365 467 420 quo
479 347 611 404 securim
625 345 803 404 confecerat.
846 346 930 402 'l'um

22 479 23 482 ,
92 426 151 481 hos
166 425 241 481 iuter
261 425 362 500 aliqua
379 427 477 482 carnis
497 438 581 500 parte
596 426 780 500 interpositi,
795 425 931 500 superiu-

31 551 34 561 .
93 522 160 561 rem
174 505 302 579 lapidem
317 504 452 562 tudiculla
465 503 611 580 perpetud
626 505 733 564 tundit.
755 506 845 578 Quod
857 503 931 562 edm

22 631 26 640 .
61 597 72 606 ⁴·
90 583 266 659 aliquandiu
279 585 411 651 fecisset,
433 585 509 659 lapis
530 585 715 644 incalescere
739 587 840 660 coepit.
886 583 929 644 Eo

22 657 26 666 “
88 665 203 741 majori
218 665 369 724 alacritate
385 665 434 722 ille
449 667 585 733 tundere;
607 683 663 723 uec
677 668 778 740 elapsa
791 675 837 728 est
858 667 930 726 hora

89 743 208 802 tantum
223 745 356 815 dimidia,
371 743 441 804 cum
456 765 527 804 caro
541 757 572 804 et
585 745 702 804 fervore
717 745 824 821 lapidis
838 755 868 802 et
884 765 929 804 re-

88 825 195 900 petitis
209 824 319 886 ictibus
333 823 408 884 a'ded
424 827 556 884 emollita
571 837 627 896 est,
640 837 670 884 ut
686 826 757 884 satis
773 827 929 888 eec‘uleuta
945 893 950 905 Ι

89 917 184 974 esset,
208 923 265 962 nec
279 906 330 964 illa
355 907 480 982 quidem
495 909 532 966 ed
550 906 665 981 saporis
687 907 842 977 suavitate,
867 911 928 983 qui

89 1003 167 1042 caro
186 988 255 1060 apte
277 999 383 1054 assatae
408 997 538 1044 attamen
565 987 726 1042 Robinsom'
750 999 851 1046 nostro
874 989 927 1063 qui

88 1064 203 1124 tamdiu
217 1083 306 1123 carne
319 1075 466 1134 caruerat,
478 1069 574 1124 lautas
584 1066 677 1140 dapes
692 1067 829 1162 praebuit.
855 1067 926 1140 Qud

89 1157 195 1202 autem
211 1147 308 1206 earnis
323 1162 461 1221 saporem
474 1145 685 1225 jucundiorem
699 1132 848 1213 redderit,
859 1167 927 1206 suc·

89 1243 127 1284 co
143 1229 295 1284 malorum
319 1228 482 1286 citreorum
507 1244 655 1302 expresso
671 1245 738 1286 cam
761 1225 926 1330 infecisset

89 1305 136 1364 sic
151 1306 387 1382 exquisitissime
402 1309 543 1382 epulatus
559 1317 615 1366 est

130 1387 258 1444 Prandio
269 1385 405 1445 confecto
417 1386 595 1444 deliberavit
605 1388 754 1461 quoduam
765 1405 842 1462 opus
854 1399 924 1450 tunc

88 1465 224 1525 maxime
239 1469 294 1525 sibi
309 1466 536 1541 suscipiendum
553 1477 643 1533 essem
665 1479 696 1524 et
711 1467 753 1524 sic
768 1469 865 1526 multa
879 1487 925 1526 se·

89 1546 651 1610 cumiuanimovolventisuasitmetus
662 1547 811 1605 hiemisut
820 1550 924 1622 plures

88 1627 183 1690 lamas
208 1641 331 1704 caperet
355 1639 406 1684 aut
425 1625 619 1694 interficeret,
642 1646 771 1703 quorum
794 1629 923 1701 pellibus

88 1719 235 1766 uteretur.
277 1707 339 1778 Qui
353 1705 423 1765 edm
440 1707 512 1766 satis
527 1708 673 1764 mausueti
687 1707 867 1775 viderentur,
881 1709 923 1766 fa·

87 1787 138 1844 cili
152 1788 274 1864 negotio
288 1806 320 1844 se
336 1789 395 1846 voti
409 1799 582 1864 compotem
596 1785 662 1844 sore
677 1789 817 1864 speravit.
854 1789 922 1855 Hac

87 1885 141 1943 spe
153 1871 302 1944 concepta
313 1870 349 1926 ad
362 1869 475 1927 lectum
490 1888 523 1926 se
532 1867 669 1935 contulit;
682 1880 805 1926 somnus
818 1878 925 1925 autem

86 1949 309 2022 placidissimus
338 1947 527 2026 praeteritum
558 1945 618 2006 diei
644 1949 779 2008 laborem
806 1949 920 2006 abunde

86 2029 302 2104 compensavit.

417 2263 420 2275 Ι
434 2214 575 2243 ===

322 2350 468 2410 CAPUT
492 2349 685 2409 SEXTUM.

22 2535 23 2538 ¹
87 2513 187 2568 Turbo
202 2513 533 2584 ingene—Tempestas
546 2511 624 2567 und?
647 2527 790 2582 magnum
808 2511 919 2566 Robin-

95 2611 163 2648 som
159 2594 356 2664 'beneficium
357 2593 536 2649 -Teda‘um
553 2593 731 2648 Solitudim's.
732 2591 902 2648 -Λναηεα

124 2753 288 2812 Rostrasou
305 2755 361 2814 hic
376 2751 499 2827 quidem
513 2759 599 2810 nocte
614 2747 730 2823 placide
755 2706 917 2818 admodum

82 2833 236 2900 dormivit.
279 2831 359 2891 Ctim
373 2832 494 2890 tandem
511 2827 746 2906 expergefactus
760 2825 841 2880 diem
854 2820 918 2909 jam

81 2931 139 2972 nou
164 2911 272 2988 parum
296 2911 481 2988 processisse
503 2909 777 2969 animadverteret,
773 2895 918 2956 surrexit

82 2993 226 3084 celeriter
247 2995 343 3054 lamas
363 3001 536 3054 renaturus
579 2987 640 3046 Sed
663 2980 735 3044 cttli
753 2985 890 3050 teml‘ffi‘
