2048 3288
332 176 491 216 nostusos
513 175 684 220 nauseans.
885 163 922 218 57

96 265 147 324 dit:
168 285 229 342 qun
246 264 334 335 laeto,
349 265 505 324 exhaustis
521 266 641 332 uiribus,
654 266 683 324 in
705 269 785 324 lecto
799 266 924 324 misera·

95 346 195 404 biliter
221 347 367 414 recubum
403 366 437 407 ac
462 344 548 404 brevi
574 345 650 403 febri
676 356 835 422 correptus
865 359 921 404 est.

96 423 273 502 Quanquaim
290 428 419 502 pellibus
440 429 587 484 lemarum
603 444 636 482 se
652 420 747 484 toturn
759 439 885 494 texerat,
906 425 924 486 i

95 505 206 581 frigore
229 519 328 564 tamen
344 525 376 563 se
398 506 556 564 defendere
571 525 627 564 nou
642 507 745 581 potuit.
789 508 859 580 Quo
872 506 923 564 fri·

97 605 169 662 gore
183 588 257 644 duas
272 587 334 644 fere*
349 589 437 644 horas
453 585 614 644 cohorruit.
655 585 737 644 Tum
754 600 847 646 aestus
860 597 922 646 tam

96 667 258 724 vehemens
271 667 448 742 insequitur,
463 681 493 724 ut
505 667 620 725 viscera
630 664 747 742 penitus
758 681 924 725 urerentur.

95 745 206 804 Pectus
222 747 327 804 crebro
341 747 510 804 concutitur
525 748 626 822 pulsu,
641 745 718 804 sicut
737 749 814 806 solet
828 748 923 806 celet·-

94 827 172 883 rimo
193 845 284 885 cursu
300 827 513 884 anhelantibus.
555 827 652 885 Tanta
668 839 771 884 autem
783 825 851 904 ejus
865 829 922 886 ins·

93 905 240 970 becillitas
251 905 316 975 fuit,
332 920 364 965 ut
387 907 436 965 vix
457 907 603 966 concham
625 910 703 982 aqua
718 907 865 981 repletam
881 909 923 966 la·

93 986 153 1042 bris
175 988 335 1044 admovere
351 988 473 1054 valeret,
493 987 529 1044 ad
551 987 747 1044 hauriendum
763 985 922 1060 paululum

91 1065 238 1124 humoris.
278 1067 405 1144 Jamque
428 1085 486 1124 nox
510 1070 612 1124 oborta
634 1076 706 1122 erat.
728 1065 922 1142 Quiquidem

91 1158 178 1204 nocte
191 1145 352 1204 tristiorem
365 1165 514 1224 nunquam
526 1145 582 1204 ille
592 1146 723 1222 degerat.

131 1225 278 1286 Vicissim
300 1239 350 1286 aut
372 1225 485 1304 frigore
501 1225 691 1293 contremuit,
710 1239 762 1286 aut
786 1225 860 1286 arsit
874 1245 922 1286 cs·

89 1306 165 1372 lore,
179 1307 374 1366 acerbissimo
389 1308 587 1383 continuoque
610 1305 717 1382 capitis
737 1307 839 1364 dolore
852 1325 923 1366 cru·

90 1385 196 1455 cistus;
218 1405 316 1464 neque
331 1407 435 1463 somno
455 1398 609 1444 recreatus
629 1399 684 1444 est.
717 1385 845 1456 ‘Quibus
859 1406 922 1445 ma·

90 1466 127 1525 lis
141 1463 216 1523 adeo
229 1465 342 1526 fractus
356 1467 423 1535 suit,
437 1477 470 1524 ut
493 1466 633 1540 proximo
648 1483 735 1524 mane
756 1465 806 1525 rix
821 1476 923 1542 posset

91 1559 211 1622 reptare
225 1549 261 1604 ad
276 1548 357 1624 ligna
371 1549 477 1606 alendo
491 1546 553 1622 igni
568 1547 745 1604 necessaria.

130 1627 183 1684 Ad
198 1645 356 1704 vesperam
371 1629 493 1686 morbus
515 1625 706 1701 ingravescit.
745 1625 861 1686 Itenim
875 1625 922 1704 ig·

89 1707 120 1767 ni
134 1725 247 1782 corpus
263 1726 381 1782 aegrum
396 1709 556 1766 admovere
572 1720 728 1765 conantem
753 1706 832 1765 vires
847 1705 922 1766 defi-

93 1788 184 1848 ciunt.
227 1789 334 1865 ltaque
350 1806 427 1846 nunc
442 1807 511 1863 spes
525 1787 740 1845 omnissalutis
755 1787 922 1864 abjicienda

90 1867 156 1926 luit.
199 1867 328 1944 Jamque
342 1881 405 1926 erat
420 1869 448 1925 in
465 1867 673 1942 expectatione
689 1867 803 1925 mortis.

132 1924 205 2008 aios
231 1947 288 2006 ista
312 1947 459 2024 superiori
482 1948 589 2012 similis
610 1947 675 2014 luit3
698 1947 776 2023 ignis
803 1946 922 2006 interim

93 2028 262 2086 exstinctus
276 2039 331 2096 esu
353 2047 427 2104 aqua
444 2029 473 2087 in
491 2027 612 2086 conchis
626 2026 721 2101 ooepit
735 2037 920 2100 putrescere

92 2111 246 2164 Robinson
260 2121 360 2166 autem
374 2106 447 2165 adeo
470 2109 583 2165 viribus
598 2109 737 2166 desertus
752 2119 808 2170 est,
825 2120 856 2164 ut
871 2107 922 2165 vix

92 2207 124 2246 se
139 2189 261 2246 inlecto
276 2207 466 2246 commovere
483 2190 603 2244 valeret.
648 2187 782 2244 Mortem
801 2205 922 2263 quoque

19 2323 21 2340 ᾖ
90 2269 380 2344 appropinquantem
403 2271 511 2339 sentire
537 2267 591 2325 sibi
614 2268 705 2336 visus,
728 2279 840 2324 tantam
855 2267 923 2324 inde

90 2348 228 2406 laetitiam
244 2349 333 2424 cepit,
349 2359 381 2406 ut
396 2351 432 2407 ea
445 2349 510 2422 ipsa
526 2347 730 2412 confirmatus,
753 2347 810 2422 piis
825 2347 923 2422 preci·

88 2429 147 2486 bus
160 2448 194 2486 se
209 2427 245 2485 ad
260 2429 427 2486 maximum
444 2429 500 2486 iter
514 2429 677 2486 ineundum
693 2427 747 2484 rite
762 2438 889 2502 pararet.

130 2497 238 2566 Deum
267 2522 459 2584 peccatorum
491 2509 767 2580 veniamsupplex
796 2509 923 2583 rogavit3

88 2607 151 2665 quo
164 2588 255 2656 iacto,
270 2589 380 2664 gratias
402 2589 429 2646 ei
445 2589 508 2664 egit
529 2606 584 2663 pro
599 2587 752 2645 benefieiis
766 2589 795 2646 in
811 2607 853 2656 se,
869 2606 924 2663 per

88 2679 185 2727 lotam
213 2669 303 2726 vitam
326 2669 492 2742 indignum,
506 2669 631 2734 collatis,
655 2667 806 2742 imprimis
820 2681 922 2724 autem

88 2767 146 2822 pro
182 2748 404 2806 calamitatibus
438 2749 547 2824 quibus
578 2749 679 2823 ipsum
715 2748 923 2819 castigaverat3

89 2826 248 2902 postremi>
265 2829 437 2902 parentibus
455 2829 518 2886 suis
540 2825 658 2884 miseris
680 2826 819 2884 solatium
835 2834 923 2892 atque

87 2909 445 2984 felicitatempreeatuq
466 2918 532 2966 tum
559 2909 694 2970 animum
720 2899 922 2960 immortalem
1003 2919 1004 2930 ¹
