2048 3288
117 181 153 230 28
356 189 511 230 BOBINSOH
533 185 705 232 ORUSOEUS·

114 281 256 340 timorem
271 295 380 336 vonum
402 277 505 337 fuisse.
548 280 686 338 Tandem
707 279 826 338 devenit
846 281 883 339 ad
911 280 956 339 ri-

116 380 198 427 vum,
213 359 263 428 ubi
279 360 424 433 prandere
439 360 599 416 constituit.
642 360 739 434 Igitur
764 365 820 418 sub
840 364 955 419 arbore
992 431 994 434 Ι

115 443 174 500 alta
186 441 385 514 umbrosaque
398 440 543 506 comedin
554 439 679 517 jamque
691 453 826 516 coeperat
840 445 956 516 magne

115 519 185 579 crim
201 522 354 594 voluptate
366 520 495 594 epulari,
511 517 580 577 edm
594 523 716 594 repente
730 523 858 596 strepitu
874 541 955 596 quo·

115 603 185 659 darn
202 601 364 676 longinquo
380 602 574 658 vehementer
589 600 753 658 exterritus
768 613 822 659 est.
851 601 954 658 Timi-
978 653 983 660 .
1004 673 1007 680 ι

114 681 173 738 dus
183 680 283 756 itaque
293 680 522 754 circumspexit,
534 681 713 755 tandemque
724 700 852 758 gregem
862 701 954 774 mag·

114 777 187 818 num
205 761 278 820 vidit
292 761 443 836 pecudum
460 761 566 818 ovibus
587 761 695 818 nostris
711 761 867 830 similium,
892 762 953 820 nisi

114 838 195 918 qubd
221 840 370 898 eminente
387 838 544 914 paulutum
567 842 656 898 dorso
678 842 865 900 camelorum
890 843 951 899 fot-

113 940 196 978 mam
210 919 347 990 referans
360 917 507 978 caetenim
519 921 625 978 ovibus
636 921 743 978 nostris
758 921 848 996 paulb
861 925 953 998 gran-

113 1001 222 1060 diores.

143 1082 238 1140 Huic
265 1081 439 1140 animalium
463 1079 567 1159 generi
593 1081 716 1156 elegans
740 1092 840 1158 caput,
868 1084 952 1141 oculi

113 1161 242 1230 venusti,
266 1181 300 1219 os
317 1165 507 1237 productum,
522 1161 667 1218 crassiora
684 1163 768 1241 labia;
790 1163 870 1220 idem
894 1181 951 1238 pes

112 1259 148 1300 ac
164 1242 242 1306 bovi,
255 1241 375 1310 bifidus,
397 1246 448 1299 sed
464 1259 566 1318 ungue
582 1243 672 1300 simul
689 1244 805 1316 postico
820 1242 951 1300 instruc·

112 1333 172 1389 tus,
186 1341 247 1398 quo
264 1322 358 1379 veluti
374 1341 477 1380 morsu
491 1324 630 1382 aneborae
645 1322 807 1380 cu‘usdam
824 1335 950 1383 utuntur

113 1418 170 1478 per
181 1405 308 1478 abrupta
321 1419 390 1478 quae
406 1403 551 1460 scandunt
566 1401 727 1460 lubentius.
846 1458 849 1463 .
896 1453 900 1460 .

154 1482 248 1540 Lama
273 1485 371 1548 lentus
396 1482 506 1540 incedit
531 1483 698 1556 composito
723 1483 869 1560 gravique
895 1485 950 1542 sed

112 1563 222 1622 eodem
237 1575 320 1620 certo
334 1582 435 1656 passm
451 1567 563 1639 quippe
578 1566 628 1639 qui
642 1559 744 1621 leucas
755 1577 806 1626 aut
804 1575 950 1658 qustuqr
1000 1617 1005 1640 ‚

113 1643 312 1736 autquinque
333 1643 362 1700 in
377 1645 458 1701 diem
482 1663 535 1719 per
549 1645 615 1702 loca
635 1643 785 1721 jumentis
801 1643 949 1718 impervia

112 1723 234 1780 caeteris
250 1722 398 1791 conficiat,
424 1741 477 1798 per
492 1724 644 1781 anfractus
658 1725 819 1782 descendat
840 1725 950 1800 praeoi·

111 1801 201 1878 bites.
223 1803 365 1878 idemque
380 1821 454 1862 saxa
473 1805 567 1861 ardua
581 1815 611 1860 et
624 1804 699 1878 ipsis
721 1805 891 1864 hominibus
907 1805 950 1864 in·
1005 1839 1008 1844 ·

113 1901 239 1942 accessa
252 1897 426 1960 exsuperet.
469 1884 672 1956 Quart-iduum
695 1883 790 1944 ferme
806 1903 949 1944 emensus
1007 1903 1011 1910 ⁴

113 1963 180 2031 iter,
194 1964 260 2040 ipse
275 1979 332 2040 per
346 1965 433 2022 horas
447 1978 575 2040 quatuor
589 1975 619 2023 et
635 1964 741 2040 viginti
757 1964 835 2023 ultrd
851 1977 949 2024 cesset

113 2055 143 2101 et
157 2043 295 2120 quiescit.
339 2045 495 2103 Placidum
517 2045 601 2118 ipsis,
620 2043 693 2103 mite
709 2056 738 2102 et
754 2047 885 2120 prudens
906 2047 949 2104 in·

114 2125 248 2202 genium;
277 2125 374 2184 sicubi
402 2126 565 2182 consistere
594 2125 718 2200 placuit,
746 2125 869 2184 flectere
904 2125 949 2184 illi

114 2222 223 2281 genua,
238 2223 411 2282 corpusque
433 2205 591 2264 demittere
613 2223 650 2262 ue
672 2225 747 2264 onus
770 2207 950 2278 dimoveant,

113 2298 329 2362 praecaventes.
371 2285 488 2344 Deinde
515 2286 602 2344 sibilo
625 2287 727 2354 misso,
750 2290 834 2346 nullis
855 2289 950 2358 mort,

88 2364 200 2433 „caute
216 2366 379 2424 admodum
401 2379 574 2442 surgentes,
599 2366 657 2424 iter
671 2368 839 2443 incoeptum
864 2385 950 2444 pera·

114 2463 197 2522 gere.
241 2447 359 2504 Herbas
387 2457 488 2504 autem
514 2447 747 2505 intereundum
774 2451 950 2522 depascunt,

113 2537 203 2584 noctu
218 2526 310 2584 etiam
332 2525 515 2584 dormientes
530 2525 688 2595 ruminant,
711 2546 804 2604 prono
827 2540 951 2602 pectore

113 2606 302 2680 pedibusque
331 2607 367 2664 ad
395 2617 529 2664 ventrem
559 2608 693 2666 reductis
719 2609 949 2689 decumbentes.

107 2684 276 2764 *Originem
292 2687 398 2745 habent
413 2705 452 2743 ex
467 2685 524 2744 isrt
539 2689 693 2748 Amertcae
709 2689 833 2764 regione
858 2685 951 2765 quam

113 2765 244 2840 Hispani
258 2777 369 2835 tenent,
385 2785 517 2842 quaeque
532 2767 696 2826 Peruvium
712 2768 830 2827 dicitur.

112 2849 362 2912 ..Rauennatem
384 2846 454 2904 cdm
469 2848 607 2906 animalia
629 2847 685 2906 ista
706 2850 952 2924 appropinquare

115 2925 270 2994 vidisset,'
263 2926 386 2983 mcessit
399 2926 462 2984 dira
472 2927 582 3002 cupido
592 2929 699 2986 edendi
713 2947 835 2986 carnem
850 2946 953 2986 assam

114 3008 175 3078 qut
188 3004 288 3065 tandiu
305 3016 450 3064 caruerat.
493 3007 635 3068 Constitit
655 3021 723 3086 post
740 3011 880 3070 arborem
904 3027 954 3066 se·
1012 3001 1013 3080 l
