<?xml version="1.0" encoding="UTF-8"?>
<!DOCTYPE html PUBLIC "-//W3C//DTD XHTML 1.0 Transitional//EN"
    "http://www.w3.org/TR/xhtml1/DTD/xhtml1-transitional.dtd">
<html xmlns="http://www.w3.org/1999/xhtml" xml:lang="en" lang="en">
 <head>
  <title>
</title>
<meta http-equiv="Content-Type" content="text/html;charset=utf-8" />
  <meta name='ocr-system' content='tesseract 3.04.00' />
  <meta name='ocr-capabilities' content='ocr_page ocr_carea ocr_par ocr_line ocrx_word'/>
</head>
<body>
  <div class='ocr_page' id='page_1' title='image "./robinsoncrusous00goffgoog_0012.png"; bbox 0 0 2048 3288; ppageno 0'>
   <div class='ocr_carea' id='block_1_1' title="bbox 84 238 674 293">
    <p class='ocr_par' dir='ltr' id='par_1_1' title="bbox 84 238 674 293">
     <span class='ocr_line' id='line_1_1' title="bbox 84 238 674 293; baseline 0.008 -5"><span class='ocrx_word' id='word_1_1' title='bbox 84 238 102 288; x_wconf 75' lang='grc'><strong>6</strong></span> <span class='ocrx_word' id='word_1_2' title='bbox 169 259 173 267; x_wconf 85' lang='grc'>·</span> <span class='ocrx_word' id='word_1_3' title='bbox 329 247 487 292; x_wconf 59' lang='lat' dir='ltr'><strong>contueor</strong></span> <span class='ocrx_word' id='word_1_4' title='bbox 500 249 674 293; x_wconf 77' lang='lat' dir='ltr'><strong>cnusonue.</strong></span> 
     </span>
    </p>
   </div>
   <div class='ocr_carea' id='block_1_2' title="bbox 4 336 971 3068">
    <p class='ocr_par' dir='ltr' id='par_1_2' title="bbox 81 336 917 800">
     <span class='ocr_line' id='line_1_2' title="bbox 124 336 914 417; baseline 0.008 -21"><span class='ocrx_word' id='word_1_5' title='bbox 124 336 192 396; x_wconf 86' lang='lat' dir='ltr'><strong>Jam</strong></span> <span class='ocrx_word' id='word_1_6' title='bbox 214 339 316 399; x_wconf 84' lang='lat' dir='ltr'><strong>nullus</strong></span> <span class='ocrx_word' id='word_1_7' title='bbox 337 353 495 417; x_wconf 80' lang='lat' dir='ltr'><strong>supererat</strong></span> <span class='ocrx_word' id='word_1_8' title='bbox 514 355 626 417; x_wconf 86' lang='lat' dir='ltr'><strong>praetcr</strong></span> <span class='ocrx_word' id='word_1_9' title='bbox 649 341 810 402; x_wconf 84' lang='lat' dir='ltr'><strong>minimum</strong></span> <span class='ocrx_word' id='word_1_10' title='bbox 832 351 914 413; x_wconf 84' lang='lat' dir='ltr'><strong>natu,</strong></span> 
     </span>
     <span class='ocr_line' id='line_1_3' title="bbox 81 419 916 499; baseline 0.007 -23"><span class='ocrx_word' id='word_1_11' title='bbox 81 419 136 496; x_wconf 87' lang='lat' dir='ltr'><strong>qui</strong></span> <span class='ocrx_word' id='word_1_12' title='bbox 156 419 266 476; x_wconf 65' lang='lat' dir='ltr'><strong>Crunoe</strong></span> <span class='ocrx_word' id='word_1_13' title='bbox 278 423 496 498; x_wconf 73' lang='lat' dir='ltr'><strong>appellabatur</strong></span> <span class='ocrx_word' id='word_1_14' title='bbox 519 423 624 499; x_wconf 88' lang='lat' dir='ltr'><strong>Itaque</strong></span> <span class='ocrx_word' id='word_1_15' title='bbox 635 441 721 482; x_wconf 86' lang='lat' dir='ltr'><strong>auam</strong></span> <span class='ocrx_word' id='word_1_16' title='bbox 733 423 762 482; x_wconf 92' lang='lat' dir='ltr'><strong>in</strong></span> <span class='ocrx_word' id='word_1_17' title='bbox 777 441 813 481; x_wconf 88' lang='lat' dir='ltr'><strong>eo</strong></span> <span class='ocrx_word' id='word_1_18' title='bbox 828 441 916 499; x_wconf 84' lang='lat' dir='ltr'><strong>apem</strong></span> 
     </span>
     <span class='ocr_line' id='line_1_4' title="bbox 83 503 917 594; baseline 0.004 -36"><span class='ocrx_word' id='word_1_19' title='bbox 83 517 206 558; x_wconf 88' lang='lat' dir='ltr'><strong>omnem</strong></span> <span class='ocrx_word' id='word_1_20' title='bbox 220 503 309 559; x_wconf 89' lang='lat' dir='ltr'><strong>ambo</strong></span> <span class='ocrx_word' id='word_1_21' title='bbox 323 513 461 577; x_wconf 81' lang='lat' dir='ltr'><strong>parentes</strong></span> <span class='ocrx_word' id='word_1_22' title='bbox 476 504 709 573; x_wconf 81' lang='lat' dir='ltr'><strong>collocaverunt,</strong></span> <span class='ocrx_word' id='word_1_23' title='bbox 728 503 842 594; x_wconf 80' lang='lat' dir='ltr'><strong>quippe</strong></span> <span class='ocrx_word' id='word_1_24' title='bbox 863 503 917 580; x_wconf 91' lang='lat' dir='ltr'><strong>qui</strong></span> 
     </span>
     <span class='ocr_line' id='line_1_5' title="bbox 83 579 916 654; baseline 0.002 -16"><span class='ocrx_word' id='word_1_25' title='bbox 83 579 159 654; x_wconf 87' lang='lat' dir='ltr'><strong>ipsis</strong></span> <span class='ocrx_word' id='word_1_26' title='bbox 174 594 251 640; x_wconf 82' lang='lat' dir='ltr'><strong>esset</strong></span> <span class='ocrx_word' id='word_1_27' title='bbox 266 581 383 641; x_wconf 82' lang='lat' dir='ltr'><strong>unicus</strong></span> <span class='ocrx_word' id='word_1_28' title='bbox 417 581 503 640; x_wconf 92' lang='lat' dir='ltr'><strong>Nihil</strong></span> <span class='ocrx_word' id='word_1_29' title='bbox 518 600 555 641; x_wconf 92' lang='lat' dir='ltr'><strong>eo</strong></span> <span class='ocrx_word' id='word_1_30' title='bbox 569 582 668 641; x_wconf 85' lang='lat' dir='ltr'><strong>carius</strong></span> <span class='ocrx_word' id='word_1_31' title='bbox 682 584 713 644; x_wconf 90' lang='lat' dir='ltr'><strong>in</strong></span> <span class='ocrx_word' id='word_1_32' title='bbox 726 585 815 640; x_wconf 83' lang='lat' dir='ltr'><strong>terrie</strong></span> <span class='ocrx_word' id='word_1_33' title='bbox 826 585 916 640; x_wconf 84' lang='lat' dir='ltr'><strong>habe·</strong></span> 
     </span>
     <span class='ocr_line' id='line_1_6' title="bbox 82 659 917 728; baseline 0.015 -13"><span class='ocrx_word' id='word_1_34' title='bbox 82 659 163 728; x_wconf 75' lang='lat' dir='ltr'><strong>baon</strong></span> <span class='ocrx_word' id='word_1_35' title='bbox 179 661 232 720; x_wconf 88' lang='lat' dir='ltr'><strong>aed</strong></span> <span class='ocrx_word' id='word_1_36' title='bbox 247 677 332 720; x_wconf 85' lang='lat' dir='ltr'><strong>arnor</strong></span> <span class='ocrx_word' id='word_1_37' title='bbox 345 677 453 721; x_wconf 84' lang='lat' dir='ltr'><strong>eorum</strong></span> <span class='ocrx_word' id='word_1_38' title='bbox 465 674 523 722; x_wconf 88' lang='lat' dir='ltr'><strong>non</strong></span> <span class='ocrx_word' id='word_1_39' title='bbox 535 673 598 722; x_wconf 83' lang='lat' dir='ltr'><strong>erat</strong></span> <span class='ocrx_word' id='word_1_40' title='bbox 612 677 703 722; x_wconf 85' lang='lat' dir='ltr'><strong>rectae</strong></span> <span class='ocrx_word' id='word_1_41' title='bbox 713 661 825 722; x_wconf 88' lang='lat' dir='ltr'><strong>rationi</strong></span> <span class='ocrx_word' id='word_1_42' title='bbox 845 681 917 727; x_wconf 85' lang='lat' dir='ltr'><strong>con·</strong></span> 
     </span>
     <span class='ocr_line' id='line_1_7' title="bbox 83 752 252 800; baseline 0.012 -4"><span class='ocrx_word' id='word_1_43' title='bbox 83 752 252 800; x_wconf 77' lang='lat' dir='ltr'><strong>aentaneus.</strong></span> 
     </span>
    </p>

    <p class='ocr_par' dir='ltr' id='par_1_3' title="bbox 82 821 918 1378">
     <span class='ocr_line' id='line_1_8' title="bbox 126 821 915 897; baseline -0.003 -17"><span class='ocrx_word' id='word_1_44' title='bbox 126 821 206 880; x_wconf 84' lang='lat' dir='ltr'><strong>Cdnr</strong></span> <span class='ocrx_word' id='word_1_45' title='bbox 221 821 301 880; x_wconf 86' lang='lat' dir='ltr'><strong>eninr</strong></span> <span class='ocrx_word' id='word_1_46' title='bbox 316 821 491 882; x_wconf 69' lang='lat' dir='ltr'><strong>debuissent</strong></span> <span class='ocrx_word' id='word_1_47' title='bbox 502 833 615 881; x_wconf 80' lang='lat' dir='ltr'><strong>certam</strong></span> <span class='ocrx_word' id='word_1_48' title='bbox 630 822 659 882; x_wconf 89' lang='lat' dir='ltr'><strong>ei</strong></span> <span class='ocrx_word' id='word_1_49' title='bbox 671 821 788 881; x_wconf 86' lang='lat' dir='ltr'><strong>vivendi</strong></span> <span class='ocrx_word' id='word_1_50' title='bbox 803 821 915 897; x_wconf 83' lang='lat' dir='ltr'><strong>discip·</strong></span> 
     </span>
     <span class='ocr_line' id='line_1_9' title="bbox 82 901 918 982; baseline 0 -20"><span class='ocrx_word' id='word_1_51' title='bbox 82 903 175 962; x_wconf 86' lang='lat' dir='ltr'><strong>liuam</strong></span> <span class='ocrx_word' id='word_1_52' title='bbox 196 903 325 972; x_wconf 81' lang='lat' dir='ltr'><strong>tradere,</strong></span> <span class='ocrx_word' id='word_1_53' title='bbox 345 905 501 979; x_wconf 83' lang='lat' dir='ltr'><strong>multoque</strong></span> <span class='ocrx_word' id='word_1_54' title='bbox 522 903 606 961; x_wconf 87' lang='lat' dir='ltr'><strong>utilia</strong></span> <span class='ocrx_word' id='word_1_55' title='bbox 627 903 764 961; x_wconf 83' lang='lat' dir='ltr'><strong>simulet</strong></span> <span class='ocrx_word' id='word_1_56' title='bbox 782 901 918 982; x_wconf 83' lang='lat' dir='ltr'><strong>jucunde</strong></span> 
     </span>
     <span class='ocr_line' id='line_1_10' title="bbox 84 982 917 1058; baseline 0.001 -18"><span class='ocrx_word' id='word_1_57' title='bbox 84 999 156 1041; x_wconf 88' lang='lat' dir='ltr'><strong>eum</strong></span> <span class='ocrx_word' id='word_1_58' title='bbox 169 982 289 1040; x_wconf 79' lang='lat' dir='ltr'><strong>&#39;docere</strong></span> <span class='ocrx_word' id='word_1_59' title='bbox 309 983 500 1058; x_wconf 41' lang='lat' dir='ltr'><strong>quaeripsum</strong></span> <span class='ocrx_word' id='word_1_60' title='bbox 521 983 594 1042; x_wconf 86' lang='lat' dir='ltr'><strong>olirn</strong></span> <span class='ocrx_word' id='word_1_61' title='bbox 615 984 726 1042; x_wconf 85' lang='lat' dir='ltr'><strong>bonurn</strong></span> <span class='ocrx_word' id='word_1_62' title='bbox 748 992 778 1040; x_wconf 90' lang='lat' dir='ltr'><strong>et</strong></span> <span class='ocrx_word' id='word_1_63' title='bbox 795 985 917 1041; x_wconf 85' lang='lat' dir='ltr'><strong>beatum</strong></span> 
     </span>
     <span class='ocr_line' id='line_1_11' title="bbox 85 1061 918 1139; baseline 0.002 -19"><span class='ocrx_word' id='word_1_64' title='bbox 85 1062 267 1132; x_wconf 81' lang='lat' dir='ltr'><strong>effecissent,</strong></span> <span class='ocrx_word' id='word_1_65' title='bbox 289 1063 387 1120; x_wconf 83' lang='lat' dir='ltr'><strong>omnia</strong></span> <span class='ocrx_word' id='word_1_66' title='bbox 401 1061 493 1122; x_wconf 81' lang='lat' dir='ltr'><strong>fitioto</strong></span> <span class='ocrx_word' id='word_1_67' title='bbox 506 1062 703 1132; x_wconf 78' lang='lat' dir='ltr'><strong>indulserunt;</strong></span> <span class='ocrx_word' id='word_1_68' title='bbox 718 1064 771 1139; x_wconf 88' lang='lat' dir='ltr'><strong>qui</strong></span> <span class='ocrx_word' id='word_1_69' title='bbox 784 1061 855 1122; x_wconf 81' lang='lat' dir='ltr'><strong>edm</strong></span> <span class='ocrx_word' id='word_1_70' title='bbox 870 1065 918 1122; x_wconf 86' lang='lat' dir='ltr'><strong>tu·</strong></span> 
     </span>
     <span class='ocr_line' id='line_1_12' title="bbox 85 1140 917 1217; baseline -0.002 -15"><span class='ocrx_word' id='word_1_71' title='bbox 85 1144 158 1202; x_wconf 86' lang='lat' dir='ltr'><strong>dere</strong></span> <span class='ocrx_word' id='word_1_72' title='bbox 179 1140 272 1217; x_wconf 74' lang='lat' dir='ltr'><strong>qudm</strong></span> <span class='ocrx_word' id='word_1_73' title='bbox 293 1144 416 1202; x_wconf 69' lang='lat' dir='ltr'><strong>studere</strong></span> <span class='ocrx_word' id='word_1_74' title='bbox 436 1143 550 1212; x_wconf 88' lang='lat' dir='ltr'><strong>mallet,</strong></span> <span class='ocrx_word' id='word_1_75' title='bbox 572 1153 664 1202; x_wconf 85' lang='lat' dir='ltr'><strong>totam</strong></span> <span class='ocrx_word' id='word_1_76' title='bbox 681 1142 764 1202; x_wconf 85' lang='lat' dir='ltr'><strong>iliam</strong></span> <span class='ocrx_word' id='word_1_77' title='bbox 785 1153 917 1212; x_wconf 88' lang='lat' dir='ltr'><strong>aetatem,</strong></span> 
     </span>
     <span class='ocr_line' id='line_1_13' title="bbox 85 1221 918 1300; baseline -0.001 -19"><span class='ocrx_word' id='word_1_78' title='bbox 85 1239 156 1300; x_wconf 80' lang='lat' dir='ltr'><strong>quae</strong></span> <span class='ocrx_word' id='word_1_79' title='bbox 170 1221 256 1280; x_wconf 82' lang='lat' dir='ltr'><strong>bonia</strong></span> <span class='ocrx_word' id='word_1_80' title='bbox 269 1222 385 1282; x_wconf 73' lang='lat' dir='ltr'><strong>artibus</strong></span> <span class='ocrx_word' id='word_1_81' title='bbox 398 1240 506 1282; x_wconf 84' lang='lat' dir='ltr'><strong>vacare</strong></span> <span class='ocrx_word' id='word_1_82' title='bbox 523 1233 648 1299; x_wconf 86' lang='lat' dir='ltr'><strong>poterat,</strong></span> <span class='ocrx_word' id='word_1_83' title='bbox 661 1223 691 1282; x_wconf 88' lang='lat' dir='ltr'><strong>io</strong></span> <span class='ocrx_word' id='word_1_84' title='bbox 709 1223 771 1282; x_wconf 88' lang='lat' dir='ltr'><strong>otio</strong></span> <span class='ocrx_word' id='word_1_85' title='bbox 781 1235 812 1280; x_wconf 88' lang='lat' dir='ltr'><strong>et</strong></span> <span class='ocrx_word' id='word_1_86' title='bbox 825 1222 918 1300; x_wconf 79' lang='lat' dir='ltr'><strong>nugis</strong></span> 
     </span>
     <span class='ocr_line' id='line_1_14' title="bbox 86 1303 285 1378; baseline 0 -18"><span class='ocrx_word' id='word_1_87' title='bbox 86 1303 285 1378; x_wconf 71' lang='lat' dir='ltr'><strong>consumpsit.</strong></span> 
     </span>
    </p>

    <p class='ocr_par' dir='ltr' id='par_1_4' title="bbox 84 1380 971 1858">
     <span class='ocr_line' id='line_1_15' title="bbox 127 1380 918 1460; baseline 0 -20"><span class='ocrx_word' id='word_1_88' title='bbox 127 1384 218 1441; x_wconf 89' lang='lat' dir='ltr'><strong>Pater</strong></span> <span class='ocrx_word' id='word_1_89' title='bbox 241 1381 362 1460; x_wconf 83' lang='lat' dir='ltr'><strong>optabat</strong></span> <span class='ocrx_word' id='word_1_90' title='bbox 383 1393 417 1442; x_wconf 88' lang='lat' dir='ltr'><strong>ut</strong></span> <span class='ocrx_word' id='word_1_91' title='bbox 441 1384 493 1443; x_wconf 86' lang='lat' dir='ltr'><strong>iile</strong></span> <span class='ocrx_word' id='word_1_92' title='bbox 516 1393 695 1442; x_wconf 77' lang='lat' dir='ltr'><strong>mercaturae</strong></span> <span class='ocrx_word' id='word_1_93' title='bbox 711 1399 744 1440; x_wconf 81' lang='lat' dir='ltr'><strong>ae</strong></span> <span class='ocrx_word' id='word_1_94' title='bbox 756 1380 918 1441; x_wconf 81' lang='lat' dir='ltr'><strong>addiceret</strong></span> 
     </span>
     <span class='ocr_line' id='line_1_16' title="bbox 87 1461 919 1542; baseline -0.002 -20"><span class='ocrx_word' id='word_1_95' title='bbox 87 1461 281 1540; x_wconf 67' lang='lat' dir='ltr'><strong>Qudquidem</strong></span> <span class='ocrx_word' id='word_1_96' title='bbox 304 1461 441 1539; x_wconf 76' lang='lat' dir='ltr'><strong>proximd</strong></span> <span class='ocrx_word' id='word_1_97' title='bbox 462 1465 552 1542; x_wconf 73' lang='lat' dir='ltr'><strong>abug</strong></span> <span class='ocrx_word' id='word_1_98' title='bbox 554 1463 781 1522; x_wconf 62' lang='lat' dir='ltr'><strong>ricuiturdnibil</strong></span> <span class='ocrx_word' id='word_1_99' title='bbox 795 1461 919 1533; x_wconf 80' lang='lat' dir='ltr'><strong>melius,</strong></span> 
     </span>
     <span class='ocr_line' id='line_1_17' title="bbox 84 1541 918 1621; baseline 0 -19"><span class='ocrx_word' id='word_1_100' title='bbox 84 1543 159 1602; x_wconf 85' lang='lat' dir='ltr'><strong>nihil</strong></span> <span class='ocrx_word' id='word_1_101' title='bbox 173 1485 824 1637; x_wconf 82' lang='lat' dir='ltr'><strong>fructuosius‚niiriihomineliberodignius.</strong></span> <span class='ocrx_word' id='word_1_102' title='bbox 847 1543 918 1602; x_wconf 86' lang='lat' dir='ltr'><strong>Hoc</strong></span> 
     </span>
     <span class='ocr_line' id='line_1_18' title="bbox 86 1621 919 1700; baseline -0.002 -17"><span class='ocrx_word' id='word_1_103' title='bbox 86 1621 160 1684; x_wconf 77' lang='lat' dir='ltr'><strong>reid</strong></span> <span class='ocrx_word' id='word_1_104' title='bbox 181 1621 303 1682; x_wconf 72' lang='lat' dir='ltr'><strong>minime</strong></span> <span class='ocrx_word' id='word_1_105' title='bbox 318 1623 380 1682; x_wconf 85' lang='lat' dir='ltr'><strong>filio</strong></span> <span class='ocrx_word' id='word_1_106' title='bbox 393 1625 516 1700; x_wconf 70' lang='lat' dir='ltr'><strong>placore</strong></span> <span class='ocrx_word' id='word_1_107' title='bbox 533 1641 567 1682; x_wconf 79' lang='lat' dir='ltr'><strong>ae</strong></span> <span class='ocrx_word' id='word_1_108' title='bbox 581 1624 671 1682; x_wconf 87' lang='lat' dir='ltr'><strong>malle</strong></span> <span class='ocrx_word' id='word_1_109' title='bbox 685 1624 725 1682; x_wconf 88' lang='lat' dir='ltr'><strong>ait</strong></span> <span class='ocrx_word' id='word_1_110' title='bbox 738 1626 841 1681; x_wconf 88' lang='lat' dir='ltr'><strong>orbem</strong></span> <span class='ocrx_word' id='word_1_111' title='bbox 856 1634 919 1681; x_wconf 88' lang='lat' dir='ltr'><strong>ter-</strong></span> 
     </span>
     <span class='ocr_line' id='line_1_19' title="bbox 86 1703 971 1780; baseline 0 -18"><span class='ocrx_word' id='word_1_112' title='bbox 86 1719 190 1772; x_wconf 85' lang='lat' dir='ltr'><strong>rarum</strong></span> <span class='ocrx_word' id='word_1_113' title='bbox 200 1719 373 1780; x_wconf 75' lang='lat' dir='ltr'><strong>peragrare,</strong></span> <span class='ocrx_word' id='word_1_114' title='bbox 383 1717 416 1763; x_wconf 89' lang='lat' dir='ltr'><strong>ut</strong></span> <span class='ocrx_word' id='word_1_115' title='bbox 426 1708 537 1766; x_wconf 78' lang='lat' dir='ltr'><strong>multas</strong></span> <span class='ocrx_word' id='word_1_116' title='bbox 548 1722 597 1764; x_wconf 81' lang='lat' dir='ltr'><strong>rea</strong></span> <span class='ocrx_word' id='word_1_117' title='bbox 610 1721 702 1763; x_wconf 80' lang='lat' dir='ltr'><strong>novae</strong></span> <span class='ocrx_word' id='word_1_118' title='bbox 714 1703 828 1774; x_wconf 86' lang='lat' dir='ltr'><strong>audire,</strong></span> <span class='ocrx_word' id='word_1_119' title='bbox 837 1705 919 1762; x_wconf 89' lang='lat' dir='ltr'><strong>mul·</strong></span> <span class='ocrx_word' id='word_1_120' title='bbox 970 1743 971 1747; x_wconf 53' lang='lat'><em>=</em></span> 
     </span>
     <span class='ocr_line' id='line_1_20' title="bbox 86 1783 375 1858; baseline -0.007 -14"><span class='ocrx_word' id='word_1_121' title='bbox 86 1791 132 1844; x_wconf 78' lang='lat' dir='ltr'><strong>tas</strong></span> <span class='ocrx_word' id='word_1_122' title='bbox 146 1783 250 1842; x_wconf 88' lang='lat' dir='ltr'><strong>videre</strong></span> <span class='ocrx_word' id='word_1_123' title='bbox 265 1795 375 1858; x_wconf 83' lang='lat' dir='ltr'><strong>posset.</strong></span> 
     </span>
    </p>

    <p class='ocr_par' dir='ltr' id='par_1_5' title="bbox 4 1863 921 2344">
     <span class='ocr_line' id='line_1_21' title="bbox 127 1863 920 1942; baseline 0.003 -20"><span class='ocrx_word' id='word_1_124' title='bbox 127 1863 196 1922; x_wconf 86' lang='lat' dir='ltr'><strong>Jarn</strong></span> <span class='ocrx_word' id='word_1_125' title='bbox 206 1879 316 1922; x_wconf 85' lang='lat' dir='ltr'><strong>annum</strong></span> <span class='ocrx_word' id='word_1_126' title='bbox 326 1863 422 1924; x_wconf 82' lang='lat' dir='ltr'><strong>aetatra</strong></span> <span class='ocrx_word' id='word_1_127' title='bbox 432 1863 585 1926; x_wconf 82' lang='lat' dir='ltr'><strong>decimum</strong></span> <span class='ocrx_word' id='word_1_128' title='bbox 594 1865 759 1941; x_wconf 80' lang='lat' dir='ltr'><strong>septimum</strong></span> <span class='ocrx_word' id='word_1_129' title='bbox 768 1865 920 1942; x_wconf 81' lang='lat' dir='ltr'><strong>attigerat,</strong></span> 
     </span>
     <span class='ocr_line' id='line_1_22' title="bbox 86 1941 919 2022; baseline 0.004 -21"><span class='ocrx_word' id='word_1_130' title='bbox 86 1941 255 2022; x_wconf 75' lang='lat' dir='ltr'><strong>plurimum</strong></span> <span class='ocrx_word' id='word_1_131' title='bbox 269 1941 343 2003; x_wconf 76' lang='lat' dir='ltr'><strong>verb</strong></span> <span class='ocrx_word' id='word_1_132' title='bbox 357 1943 502 2020; x_wconf 80' lang='lat' dir='ltr'><strong>temporis</strong></span> <span class='ocrx_word' id='word_1_133' title='bbox 515 1943 655 2004; x_wconf 85' lang='lat' dir='ltr'><strong>triverat</strong></span> <span class='ocrx_word' id='word_1_134' title='bbox 647 1965 677 2006; x_wconf 90' lang='grc' dir='ltr'><strong>ιιι</strong></span> <span class='ocrx_word' id='word_1_135' title='bbox 691 1945 760 2004; x_wconf 85' lang='grc' dir='ltr'><strong>οιίο.</strong></span> <span class='ocrx_word' id='word_1_136' title='bbox 772 1943 919 2018; x_wconf 75' lang='lat' dir='ltr'><strong>Quotidie</strong></span> 
     </span>
     <span class='ocr_line' id='line_1_23' title="bbox 4 2026 921 2103; baseline 0.009 -25"><span class='ocrx_word' id='word_1_137' title='bbox 4 2073 5 2078; x_wconf 73' lang='grc'>,</span> <span class='ocrx_word' id='word_1_138' title='bbox 87 2035 190 2084; x_wconf 81' lang='lat' dir='ltr'><strong>autem</strong></span> <span class='ocrx_word' id='word_1_139' title='bbox 212 2033 329 2100; x_wconf 88' lang='lat' dir='ltr'><strong>patrem</strong></span> <span class='ocrx_word' id='word_1_140' title='bbox 351 2026 489 2102; x_wconf 82' lang='lat' dir='ltr'><strong>urgebat,</strong></span> <span class='ocrx_word' id='word_1_141' title='bbox 507 2036 541 2084; x_wconf 88' lang='lat' dir='ltr'><strong>ut</strong></span> <span class='ocrx_word' id='word_1_142' title='bbox 562 2027 686 2102; x_wconf 82' lang='lat' dir='ltr'><strong>abipso</strong></span> <span class='ocrx_word' id='word_1_143' title='bbox 707 2026 921 2103; x_wconf 85' lang='lat' dir='ltr'><strong>peregrinandi</strong></span> 
     </span>
     <span class='ocr_line' id='line_1_24' title="bbox 4 2103 920 2182; baseline -0.002 -16"><span class='ocrx_word' id='word_1_144' title='bbox 4 2117 6 2166; x_wconf 52' lang='lat' dir='ltr'><strong>i</strong></span> <span class='ocrx_word' id='word_1_145' title='bbox 86 2103 259 2162; x_wconf 83' lang='lat' dir='ltr'><strong>licentiaru&#39;</strong></span> <span class='ocrx_word' id='word_1_146' title='bbox 251 2114 437 2180; x_wconf 79' lang='lat' dir='ltr'><strong>impetraret,</strong></span> <span class='ocrx_word' id='word_1_147' title='bbox 446 2124 536 2182; x_wconf 85' lang='lat' dir='ltr'><strong>quarn</strong></span> <span class='ocrx_word' id='word_1_148' title='bbox 549 2107 600 2164; x_wconf 88' lang='lat' dir='ltr'><strong>ilie</strong></span> <span class='ocrx_word' id='word_1_149' title='bbox 611 2106 729 2164; x_wconf 88' lang='lat' dir='ltr'><strong>nolebat</strong></span> <span class='ocrx_word' id='word_1_150' title='bbox 740 2107 920 2166; x_wconf 85' lang='lat' dir='ltr'><strong>concedere.</strong></span> 
     </span>
     <span class='ocr_line' id='line_1_25' title="bbox 87 2181 921 2268; baseline 0.001 -25"><span class='ocrx_word' id='word_1_151' title='bbox 87 2181 228 2250; x_wconf 79' lang='lat' dir='ltr'><strong>Quadam</strong></span> <span class='ocrx_word' id='word_1_152' title='bbox 241 2183 300 2254; x_wconf 86' lang='lat' dir='ltr'><strong>dic,</strong></span> <span class='ocrx_word' id='word_1_153' title='bbox 314 2183 385 2244; x_wconf 84' lang='lat' dir='ltr'><strong>edm</strong></span> <span class='ocrx_word' id='word_1_154' title='bbox 399 2203 483 2244; x_wconf 89' lang='lat' dir='ltr'><strong>more</strong></span> <span class='ocrx_word' id='word_1_155' title='bbox 497 2205 553 2244; x_wconf 83' lang='lat' dir='ltr'><strong>auo</strong></span> <span class='ocrx_word' id='word_1_156' title='bbox 564 2197 677 2261; x_wconf 84' lang='lat' dir='ltr'><strong>praeter</strong></span> <span class='ocrx_word' id='word_1_157' title='bbox 687 2198 808 2268; x_wconf 84' lang='lat' dir='ltr'><strong>portum</strong></span> <span class='ocrx_word' id='word_1_158' title='bbox 821 2186 921 2244; x_wconf 82' lang='lat' dir='ltr'><strong>curai-</strong></span> 
     </span>
     <span class='ocr_line' id='line_1_26' title="bbox 86 2261 921 2344; baseline 0 -20"><span class='ocrx_word' id='word_1_159' title='bbox 86 2273 174 2336; x_wconf 83' lang='lat' dir='ltr'><strong>taret,</strong></span> <span class='ocrx_word' id='word_1_160' title='bbox 193 2263 318 2324; x_wconf 87' lang='lat' dir='ltr'><strong>incidit&#39;</strong></span> <span class='ocrx_word' id='word_1_161' title='bbox 310 2283 340 2323; x_wconf 91' lang='grc' dir='ltr'><strong>ιιι</strong></span> <span class='ocrx_word' id='word_1_162' title='bbox 355 2283 449 2324; x_wconf 88' lang='lat' dir='ltr'><strong>unum</strong></span> <span class='ocrx_word' id='word_1_163' title='bbox 464 2284 503 2324; x_wconf 88' lang='lat' dir='ltr'><strong>ex</strong></span> <span class='ocrx_word' id='word_1_164' title='bbox 519 2266 694 2344; x_wconf 81' lang='lat' dir='ltr'><strong>aequalibua,</strong></span> <span class='ocrx_word' id='word_1_165' title='bbox 708 2261 849 2325; x_wconf 81' lang='lat' dir='ltr'><strong>nauarchi</strong></span> <span class='ocrx_word' id='word_1_166' title='bbox 863 2283 921 2324; x_wconf 88' lang='lat' dir='ltr'><strong>cu-</strong></span> 
     </span>
    </p>

    <p class='ocr_par' dir='ltr' id='par_1_6' title="bbox 4 2343 922 2504">
     <span class='ocr_line' id='line_1_27' title="bbox 4 2343 922 2424; baseline 0 -22"><span class='ocrx_word' id='word_1_167' title='bbox 4 2409 5 2414; x_wconf 14' lang='lat'>1</span> <span class='ocrx_word' id='word_1_168' title='bbox 85 2343 210 2424; x_wconf 79' lang='lat' dir='ltr'><strong>jusdam</strong></span> <span class='ocrx_word' id='word_1_169' title='bbox 224 2344 332 2414; x_wconf 88' lang='lat' dir='ltr'><strong>filium,</strong></span> <span class='ocrx_word' id='word_1_170' title='bbox 351 2345 446 2422; x_wconf 91' lang='lat' dir='ltr'><strong>quiin</strong></span> <span class='ocrx_word' id='word_1_171' title='bbox 460 2365 497 2406; x_wconf 89' lang='lat' dir='ltr'><strong>eo</strong></span> <span class='ocrx_word' id='word_1_172' title='bbox 511 2358 574 2406; x_wconf 87' lang='lat' dir='ltr'><strong>erat</strong></span> <span class='ocrx_word' id='word_1_173' title='bbox 588 2357 622 2406; x_wconf 90' lang='lat' dir='ltr'><strong>ut</strong></span> <span class='ocrx_word' id='word_1_174' title='bbox 636 2365 707 2405; x_wconf 88' lang='lat' dir='ltr'><strong>cum</strong></span> <span class='ocrx_word' id='word_1_175' title='bbox 727 2358 812 2422; x_wconf 88' lang='lat' dir='ltr'><strong>patre</strong></span> <span class='ocrx_word' id='word_1_176' title='bbox 834 2346 922 2402; x_wconf 81' lang='lat' dir='ltr'><strong>Lon·</strong></span> 
     </span>
     <span class='ocr_line' id='line_1_28' title="bbox 4 2423 367 2504; baseline 0 -22"><span class='ocrx_word' id='word_1_177' title='bbox 4 2441 5 2450; x_wconf 61' lang='lat'>¹</span> <span class='ocrx_word' id='word_1_178' title='bbox 77 2427 189 2482; x_wconf 77' lang='lat' dir='ltr'><strong>-dr&#39;num</strong></span> <span class='ocrx_word' id='word_1_179' title='bbox 203 2423 367 2504; x_wconf 66' lang='lat' dir='ltr'><strong>navigaret</strong></span> 
     </span>
    </p>

    <p class='ocr_par' dir='ltr' id='par_1_7' title="bbox 4 2505 926 3068">
     <span class='ocr_line' id='line_1_29' title="bbox 127 2505 922 2586; baseline 0.003 -22"><span class='ocrx_word' id='word_1_180' title='bbox 127 2505 327 2582; x_wconf 82' lang='lat' dir='ltr'><strong>Interrogavit</strong></span> <span class='ocrx_word' id='word_1_181' title='bbox 336 2523 408 2566; x_wconf 88' lang='lat' dir='ltr'><strong>euru</strong></span> <span class='ocrx_word' id='word_1_182' title='bbox 416 2507 525 2566; x_wconf 66' lang='lat' dir='ltr'><strong>sodalis</strong></span> <span class='ocrx_word' id='word_1_183' title='bbox 534 2525 569 2566; x_wconf 83' lang='lat' dir='ltr'><strong>an</strong></span> <span class='ocrx_word' id='word_1_184' title='bbox 579 2505 746 2586; x_wconf 69' lang='lat' dir='ltr'><strong>adjungere</strong></span> <span class='ocrx_word' id='word_1_185' title='bbox 756 2525 788 2567; x_wconf 86' lang='lat' dir='ltr'><strong>se</strong></span> <span class='ocrx_word' id='word_1_186' title='bbox 799 2523 922 2566; x_wconf 85' lang='lat' dir='ltr'><strong>socrum</strong></span> 
     </span>
     <span class='ocr_line' id='line_1_30' title="bbox 85 2585 926 2658; baseline 0.001 -13"><span class='ocrx_word' id='word_1_187' title='bbox 85 2585 201 2645; x_wconf 85' lang='lat' dir='ltr'><strong>itineris</strong></span> <span class='ocrx_word' id='word_1_188' title='bbox 215 2587 314 2645; x_wconf 83' lang='lat' dir='ltr'><strong>vellet.</strong></span> <span class='ocrx_word' id='word_1_189' title='bbox 348 2587 500 2658; x_wconf 82' lang='lat' dir='ltr'><strong>Libenter,</strong></span> <span class='ocrx_word' id='word_1_190' title='bbox 509 2589 550 2648; x_wconf 82' lang='lat' dir='ltr'><strong>ait</strong></span> <span class='ocrx_word' id='word_1_191' title='bbox 568 2590 729 2658; x_wconf 71' lang='grc' dir='ltr'>Ονιιιοϊιιι,</span> <span class='ocrx_word' id='word_1_192' title='bbox 744 2604 851 2645; x_wconf 88' lang='lat' dir='ltr'><strong>vereor</strong></span> <span class='ocrx_word' id='word_1_193' title='bbox 864 2604 926 2646; x_wconf 83' lang='lat' dir='ltr'><strong>au·</strong></span> 
     </span>
     <span class='ocr_line' id='line_1_31' title="bbox 4 2665 925 2743; baseline 0.002 -17"><span class='ocrx_word' id='word_1_194' title='bbox 4 2687 5 2712; x_wconf 55' lang='lat' dir='ltr'><strong>r</strong></span> <span class='ocrx_word' id='word_1_195' title='bbox 84 2675 148 2726; x_wconf 86' lang='lat' dir='ltr'><strong>tem</strong></span> <span class='ocrx_word' id='word_1_196' title='bbox 163 2677 197 2726; x_wconf 90' lang='lat' dir='ltr'><strong>ut</strong></span> <span class='ocrx_word' id='word_1_197' title='bbox 211 2676 350 2742; x_wconf 83' lang='lat' dir='ltr'><strong>parentes</strong></span> <span class='ocrx_word' id='word_1_198' title='bbox 364 2667 393 2726; x_wconf 90' lang='lat' dir='ltr'><strong>id</strong></span> <span class='ocrx_word' id='word_1_199' title='bbox 408 2668 482 2728; x_wconf 87' lang='lat' dir='ltr'><strong>mihi</strong></span> <span class='ocrx_word' id='word_1_200' title='bbox 496 2669 668 2728; x_wconf 86' lang='lat' dir='ltr'><strong>concedant.</strong></span> <span class='ocrx_word' id='word_1_201' title='bbox 703 2665 778 2728; x_wconf 80' lang='lat' dir='ltr'><strong>Hui!</strong></span> <span class='ocrx_word' id='word_1_202' title='bbox 793 2684 925 2743; x_wconf 86' lang='lat' dir='ltr'><strong>respon·</strong></span> 
     </span>
     <span class='ocr_line' id='line_1_32' title="bbox 4 2746 925 2825; baseline 0.002 -19"><span class='ocrx_word' id='word_1_203' title='bbox 4 2759 5 2818; x_wconf 60' lang='grc' dir='ltr'>ζ</span> <span class='ocrx_word' id='word_1_204' title='bbox 85 2747 136 2806; x_wconf 82' lang='lat' dir='ltr'><strong>det</strong></span> <span class='ocrx_word' id='word_1_205' title='bbox 150 2749 236 2812; x_wconf 86' lang='lat' dir='ltr'><strong>alter</strong></span> <span class='ocrx_word' id='word_1_206' title='bbox 247 2746 310 2805; x_wconf 80' lang='lat' dir='ltr'><strong>eine</strong></span> <span class='ocrx_word' id='word_1_207' title='bbox 321 2747 407 2807; x_wconf 67' lang='lat' dir='ltr'><strong>venit</strong></span> <span class='ocrx_word' id='word_1_208' title='bbox 417 2747 671 2825; x_wconf 80' lang='lat' dir='ltr'><strong>proficiscendum</strong></span> <span class='ocrx_word' id='word_1_209' title='bbox 682 2759 738 2808; x_wconf 88' lang='lat' dir='ltr'><strong>est</strong></span> <span class='ocrx_word' id='word_1_210' title='bbox 771 2749 843 2806; x_wconf 87' lang='lat' dir='ltr'><strong>Post</strong></span> <span class='ocrx_word' id='word_1_211' title='bbox 854 2760 925 2808; x_wconf 75' lang='lat' dir='ltr'><strong>tres</strong></span> 
     </span>
     <span class='ocr_line' id='line_1_33' title="bbox 83 2827 926 2890; baseline 0.005 -6"><span class='ocrx_word' id='word_1_212' title='bbox 83 2827 288 2888; x_wconf 79' lang='lat' dir='ltr'><strong>hebdomades</strong></span> <span class='ocrx_word' id='word_1_213' title='bbox 302 2829 430 2888; x_wconf 79' lang='lat' dir='ltr'><strong>reduces</strong></span> <span class='ocrx_word' id='word_1_214' title='bbox 440 2829 554 2890; x_wconf 86' lang='lat' dir='ltr'><strong>erimus</strong></span> <span class='ocrx_word' id='word_1_215' title='bbox 565 2830 743 2890; x_wconf 83' lang='lat' dir='ltr'><strong>Parentibus</strong></span> <span class='ocrx_word' id='word_1_216' title='bbox 754 2827 828 2887; x_wconf 81' lang='lat' dir='ltr'><strong>verb</strong></span> <span class='ocrx_word' id='word_1_217' title='bbox 842 2845 926 2888; x_wconf 87' lang='lat' dir='ltr'><strong>nuu-</strong></span> 
     </span>
     <span class='ocr_line' id='line_1_34' title="bbox 84 2907 924 2988; baseline 0.006 -24"><span class='ocrx_word' id='word_1_218' title='bbox 84 2907 220 2970; x_wconf 76' lang='lat' dir='ltr'><strong>tiendum</strong></span> <span class='ocrx_word' id='word_1_219' title='bbox 245 2908 365 2968; x_wconf 85' lang='lat' dir='ltr'><strong>curabis</strong></span> <span class='ocrx_word' id='word_1_220' title='bbox 391 2908 522 2988; x_wconf 81' lang='lat' dir='ltr'><strong>qudnatn</strong></span> <span class='ocrx_word' id='word_1_221' title='bbox 546 2924 697 2970; x_wconf 87' lang='lat' dir='ltr'><strong>terrarum</strong></span> <span class='ocrx_word' id='word_1_222' title='bbox 724 2909 924 2986; x_wconf 82' lang='lat' dir='ltr'><strong>migraveris.</strong></span> 
     </span>
     <span class='ocr_line' id='line_1_35' title="bbox 84 2987 926 3068; baseline 0 -22"><span class='ocrx_word' id='word_1_223' title='bbox 84 2987 184 3047; x_wconf 84' lang='lat' dir='ltr'><strong>Cerco</strong></span> <span class='ocrx_word' id='word_1_224' title='bbox 194 2999 297 3049; x_wconf 88' lang='lat' dir='ltr'><strong>autem</strong></span> <span class='ocrx_word' id='word_1_225' title='bbox 311 2989 449 3068; x_wconf 59' lang='lat' dir='ltr'><strong>pecunie,</strong></span> <span class='ocrx_word' id='word_1_226' title='bbox 463 2991 503 3050; x_wconf 85' lang='lat' dir='ltr'><strong>ait</strong></span> <span class='ocrx_word' id='word_1_227' title='bbox 520 2993 679 3050; x_wconf 78' lang='lat' dir='ltr'><strong>Crueoaur.</strong></span> <span class='ocrx_word' id='word_1_228' title='bbox 713 2989 799 3050; x_wconf 83' lang='lat' dir='ltr'><strong>Nihil</strong></span> <span class='ocrx_word' id='word_1_229' title='bbox 814 2987 926 3066; x_wconf 82' lang='lat' dir='ltr'><strong>refert,</strong></span> 
     </span>
    </p>
   </div>
   <div class='ocr_carea' id='block_1_3' title="bbox 4 3061 876 3150">
    <p class='ocr_par' dir='ltr' id='par_1_8' title="bbox 4 3061 876 3150">
     <span class='ocr_line' id='line_1_36' title="bbox 4 3061 876 3150; baseline 0 -23"><span class='ocrx_word' id='word_1_230' title='bbox 4 3061 5 3111; x_wconf 51' lang='grc' dir='ltr'><strong><em>ἕ</em></strong></span> <span class='ocrx_word' id='word_1_231' title='bbox 83 3068 160 3130; x_wconf 70' lang='lat' dir='ltr'><strong>alter</strong></span> <span class='ocrx_word' id='word_1_232' title='bbox 172 3071 297 3149; x_wconf 77' lang='lat' dir='ltr'><strong>excipit,</strong></span> <span class='ocrx_word' id='word_1_233' title='bbox 307 3070 459 3150; x_wconf 71' lang='lat' dir='ltr'><strong>siquidem</strong></span> <span class='ocrx_word' id='word_1_234' title='bbox 470 3073 528 3134; x_wconf 85' lang='lat' dir='ltr'><strong>boo</strong></span> <span class='ocrx_word' id='word_1_235' title='bbox 542 3073 596 3134; x_wconf 90' lang='lat' dir='ltr'><strong>tibi</strong></span> <span class='ocrx_word' id='word_1_236' title='bbox 607 3071 756 3134; x_wconf 82' lang='lat' dir='ltr'><strong>constabit</strong></span> <span class='ocrx_word' id='word_1_237' title='bbox 771 3067 876 3150; x_wconf 83' lang='lat' dir='ltr'><strong>gratis.</strong></span> 
     </span>
    </p>
   </div>
   <div class='ocr_carea' id='block_1_4' title="bbox 0 0 1033 3288">
    <p class='ocr_par' dir='ltr' id='par_1_9' title="bbox 0 0 1033 3288">
     <span class='ocr_line' id='line_1_37' title="bbox 0 0 1033 3288; baseline 0 0"><span class='ocrx_word' id='word_1_238' title='bbox 0 0 1033 3288; x_wconf 95' lang='lat' dir='ltr'><strong> </strong></span> 
     </span>
    </p>
   </div>
  </div>
 </body>
</html>
