2048 3288
322 185 476 228 nonrusott
490 187 660 230 cnosoeus.
866 178 904 230 ⁵9

84 319 85 324 1
130 272 216 330 Tunc
231 271 299 331 verb
310 274 354 332 ria
369 273 465 330 morbi
475 271 593 332 omnind
606 276 704 332 taxata
718 283 792 341 erat,
804 290 914 350 neque,

92 368 206 427 praeter
216 349 418 412 infirmitatem
430 355 549 422 virium,
557 355 668 429 aliquid
681 353 750 410 nrali
762 354 912 430 superfuit

22 431 44 483 ’ν
91 432 189 490 eibum
212 451 330 510 quoque
345 444 487 509 appetere
503 435 604 508 coepit,
618 436 805 509 bulbumque
821 435 914 494 solani

68 581 73 592 Ι
90 506 199 576 frixum
213 513 354 582 comedit,
369 513 510 572 instillato
524 515 605 572 malli
631 531 723 572 succo
747 513 833 572 citrei
853 534 914 591 quo

22 651 23 656 ,
90 609 224 668 saporem
238 593 306 671 ejus
319 591 531 670 jucundiorem
547 595 680 652 efficeret
702 604 732 652 et
754 596 851 668 palato
868 613 914 654 re·

88 669 254 749 frigerando
268 675 424 748 aptiorem.
480 725 482 729 .

29 754 32 758 ’
128 751 288 815 Lamarurn
310 772 445 824 suorum,
458 753 588 830 quandiu
602 752 739 831 jacuerat
755 765 915 830 aegrotatis,

92 831 336 910 euram-penitus
360 837 551 908 deposuerat.
593 833 683 892 Nunc
703 847 803 892 autem
831 836 916 894 valde

21 911 31 927 ’“
71 911 73 916 ’
91 925 256 970 commotus
271 925 327 982 est,
347 912 418 972 edm
433 933 484 972 eos
500 915 536 971 ad
551 916 643 990 pedes
658 933 729 972 suos
743 915 858 972 videret
869 915 916 993 ja·

90 1003 197 1060 centes,
224 995 442 1069 nonnullosque
463 995 560 1053 oculis
584 995 612 1050 in
635 1013 667 1050 se
688 991 916 1072 defixis‚.quasi

42 1069 185 1148 &ipsum
209 1073 430 1149 interrogarent
458 1075 531 1132 num
558 1071 670 1132 melitis
699 1075 819 1132 valeret.
861 1075 916 1132 Est

21 1157 23 1206 ἱ
89 1164 187 1210 eutem
215 1153 292 1212 illud
314 1153 487 1212 animalium
513 1172 609 1232 genua
624 1152 641 1211 ai
654 1156 760 1212 naturai
779 1154 820 1210 ita
835 1171 915 1212 com·

54 1241 63 1302 J
89 1242 279 1306 paratum,ut
292 1235 479 1292 camelorum
495 1235 595 1302 instar,
612 1234 758 1308 plurimos
772 1233 836 1292 dies
855 1235 918 1292 sine

89 1323 157 1387 potu
172 1314 293 1389 degant.
334 1313 478 1390 Alioquin
492 1317 570 1372 male
593 1333 663 1372 eum
676 1315 712 1372 iis
727 1327 827 1372 actum
842 1313 917 1372 suis·

21 1385 23 1400 ’
90 1405 140 1463 εει,
182 1395 243 1452 Per
254 1393 318 1452 dies
331 1394 410 1450 enirn
421 1397 497 1454 duos
509 1393 665 1452 continuos
683 1411 791 1468 aquam
805 1412 862 1453 non
875 1395 918 1452 bi·

21 1531 23 1536 .
63 1495 67 1500 ·
88 1473 450 1544 berant‚necdu1netiam
475 1477 626 1530 Rodinaon
646 1473 919 1548 proptercorporis

88 1547 323 1632 inbecillitatem
340 1570 490 1630 uergere,
512 1571 682 1630 aquamque
697 1553 734 1616 iis
749 1552 918 1612 ministrare

21 1655 22 1664 ¹
83 1633 209 1707 potuit..
899 1637 907 1708 j

26 1719 30 1729 “
123 1715 208 1778 ,Cdrn
219 1713 425 1774 Lamamater
445 1715 481 1774 ad
503 1733 574 1774 eum
597 1713 919 1790 satisappropinqubs·
974 1753 976 1766 .

21 1795 25 1806 “
75 1808 132 1870 feet
146 1808 180 1853 ut
208 1797 283 1852 bane
303 1807 407 1869 posset
420 1795 576 1870 attingere,
600 1793 665 1852 turn
679 1792 778 1852 levato
793 1809 920 1866 corpore

21 1887 23 1898 ·
89 1871 280 1944 incubitum,
299 1878 407 1934 dextra
428 1894 497 1933 eam
518 1875 633 1944 mulsit,
654 1893 693 1930 ex
716 1873 921 1950 eujus'tepidi

21 1950 35 2006 Γ
84 1949 173 2012 ¹iactis
200 1958 309 2012 haustu
337 1955 502 2029 plurimum
517 1955 634 2030 accepit
649 1955 814 2032 levaminis.
850 1953 921 2025 Quo

88 2031 167 2092 facto
182 2032 287 2098 rurstia
309 2053 449 2092 somnum
465 2035 546 2110 oepit
570 2051 668 2110 usque
687 2035 724 2092 ad
747 2033 818 2090 solie
832 2052 919 2090 occa·

21 2107 23 2140 ³
90 2131 167 2172 sum.
196 2115 287 2172 Nunc
303 2127 403 2172 autem
419 2115 478 2172 cibi
493 2114 589 2192 major
600 2114 827 2189 fuitappetitus.
862 2113 921 2171 ita·

21 2221 27 2252 ,ι
87 2212 147 2270 que
161 2196 303 2252 nonnulla
328 2194 499 2252 solanorurn
521 2195 626 2252 tubera
641 2212 735 2252 succo
749 2193 821 2251 mali
835 2193 921 2250 citrei

22 2271 23 2276 '
88 2291 213 2350 aspersa
240 2273 380 2344 comedit,
406 2294 442 2332 ao
467 2271 566 2332 denud
592 2291 715 2332 somnus
739 2291 811 2330 eum
839 2291 921 2328 com-

23 2425 25 2430 ·
88 2356 269 2430 plexuseet.
550 2352 555 2359 '

128 2436 234 2511 Atque
256 2437 322 2494 haec
338 2435 397 2496 elta
411 2437 507 2512 quies,
521 2435 742 2494 obsecundante
757 2432 845 2490 firma
858 2451 923 2491 eor·

21 2527 22 2536 ¹
88 2515 175 2590 poris
189 2514 359 2572 habitudine
370 2535 460 2592 quarn
476 2513 607 2573 enatura
630 2516 777 2570 Robrnaon
801 2514 924 2576 sortitus

21 2631 30 2662 .·
57 2643 59 2648 .
87 2605 167 2663 erat,
182 2600 334 2670 tantopere
350 2598 385 2654 ad
402 2597 481 2652 vires
496 2595 565 2674 ejus
580 2593 756 2652 reficiendas
772 2595 875 2661 valuit,
891 2607 925 2650 ut

21 2675 31 2742 i
90 2673 233 2750 proximo
255 2693 341 2732 mane
364 2693 501 2751 surgere,
516 2687 545 2731 et
567 2677 767 2732 tentabundus
782 2671 925 2750 progredi

89 2755 226 2812 auderet.
789 2810 792 2819 .

21 2881 26 2892 .
132 2835 162 2892 Ε
188 2837 333 2927 spelunca
357 2835 386 2893 in
413 2835 596 2892 vestibulum
622 2835 753 2890 titubans
781 2827 926 2902 prorepit.
989 2833 991 2838 '

21 2915 29 2958 ἕ
90 2913 140 2970 ibi
156 2917 227 2972 solis
241 2914 362 2974 orientis
377 2915 460 2981 radii,
474 2917 550 2971 inter
567 2910 688 2970 frondes
703 2911 867 2966 vicinarum
882 2923 927 2997 ar:

21 3021 23 3030 ν
93 2994 202 3052 borutn
225 2996 363 3065 nitentes,
378 2995 457 3054 vitali
473 3011 544 3050 eum
559 2993 659 3048 calore
674 2995 822 3046 recreant.
866 2983 926 3035 5³*
