2048 3288
331 207 486 252 aaarusos
501 207 675 250 oausoaua.
879 197 917 255 ti

83 317 250 362 conversus
264 298 399 361 animm
414 301 451 361 ad
474 300 618 361 rationem
633 299 816 364 reddendam
830 321 919 366 voca·

82 383 140 441 bat.
185 379 308 440 Scilicet
328 381 411 440 diem
432 389 526 441 totam
550 381 720 452 excutiens,
746 401 853 444 secum
868 395 920 444 ari·

83 462 233 539 quir-ebat,
267 463 420 538 quomodo
456 464 531 520 hano
560 461 641 521 diem
678 461 802 538 egisset,
835 463 918 542 quod

81 543 198 600 maium
221 544 365 610 mussat,
384 542 515 620 quinam
537 551 622 618 parte
636 539 736 601 factus
749 554 831 602 esset
852 563 918 604 me·

81 619 151 680 iiori
193 621 325 696 Quoties
341 622 407 681 haeo
422 633 453 680 et
473 617 576 680 taiiad
592 639 626 679 se
647 621 715 698 ipso
728 625 917 698 percontanti

82 703 266 777 praeclarum
281 702 462 762 couscientia
474 700 682 774 testimonium
704 703 870 778 praebebat‚
883 716 918 765 ut

79 783 148 857 ipse
160 782 219 841 sibi
232 780 448 858 gratulabatur!
470 793 505 840 ut
530 781 584 840 ilie
605 781 711 840 laudea
734 781 796 841 Dei
808 785 918 859 optimi

81 861 209 920 maximi
230 863 364 932 canabat,
388 880 449 938 quo
470 861 590 921 favente
611 861 724 940 aliquid
746 864 802 922 hdo
823 863 872 922 die
885 865 916 924 in

80 941 202 1001 virtutis
226 941 277 1002 via
305 937 485 1017 profecerat!
529 940 657 1000 sivero
686 953 753 1018 post
774 947 914 1021 recogni-

80 1022 195 1081 tionem
206 1021 255 1081 sui
264 1019 377 1100 aliquid
391 1023 536 1098 peccasse
551 1020 609 1080 sibi
620 1019 782 1092 videretur,
792 1041 812 1080 o
822 1022 914 1100 quim

79 1103 133 1160 iile
151 1115 223 1161 tunc
247 1101 366 1161 doiebat
379 1101 526 1160 amissum
540 1102 571 1160 in
597 1099 658 1160 vita
674 1100 767 1161 diem!
811 1103 915 1164 Amia-

81 1201 150 1240 sum
164 1181 247 1240 enim
259 1181 511 1258 interpretabatur
521 1181 602 1240 diem
616 1181 704 1240 ilium
715 1197 776 1260 quo
786 1183 916 1244 commi·

81 1275 162 1320 serat
175 1263 342 1339 quidquam
363 1271 415 1320 aut
429 1259 625 1340 cogitaverat,
638 1261 730 1340 cujus
743 1261 792 1320 die
806 1275 915 1324 exacto

80 1344 183 1418 ipsum
213 1337 381 1417 poeniteret.
422 1341 515 1400 Hune
539 1340 661 1420 quoque
691 1342 805 1400 solebat
828 1343 916 1420 siguo

80 1433 195 1492 notare,
209 1420 303 1498 propi
317 1421 457 1480 lineolam
471 1422 532 1497 qut
543 1421 679 1506 quotidie
695 1420 726 1479 in
747 1423 852 1480 arisore
867 1443 913 1483 ra·

80 1503 193 1561 tionem
219 1501 367 1578 temporis
389 1503 542 1571 exarabat,
562 1511 597 1559 ut
623 1500 788 1577 proeteritae
812 1505 913 1580 cuipas

80 1600 201 1650 memor
220 1580 251 1640 iu
271 1591 430 1659 posterum
451 1577 531 1640 tautd
553 1581 653 1660 ruagis
673 1583 711 1642 ab
731 1580 844 1642 etsist
863 1603 913 1644 aa·

81 1673 173 1720 verer.

176 1981 325 2044 CAPUT
346 1981 562 2044 DECIMUM
581 1979 819 2058 QUARTUM.

78 2144 233 2222 Robinson
256 2148 385 2203 torulum
404 2143 739 2220 flemma-Vestam
763 2145 913 2204 hominum

116 2227 421 2297 reperiri-dommus
432 2225 729 2295 terrun-Prostricu
742 2231 856 2295 cronia,
867 2241 916 2284 aa·

118 2325 296 2445 ἕᾶἑῖηαπιιι,
304 2305 537 2379 scaea-Quod
552 2310 698 2427 territaret
709 2304 849 2378 fugienti
864 2323 914 2362 ac·

118 2547 286 2606 Rorrusou
297 2547 451 2607 assiduam
462 2564 518 2626 per
531 2556 592 2604 tres
604 2563 696 2607 anuos
707 2543 779 2606 navi
792 2545 915 2608 confici·

76 2628 166 2688 eudae
180 2645 304 2704 operam
320 2628 453 2699 dederat,
465 2639 572 2687 trunco
585 2627 637 2688 vix
651 2626 775 2687 dimidia
787 2628 913 2704 quidem

77 2723 164 2786 parte
179 2707 295 2770 exciso.
340 2709 496 2767 Incertum
511 2705 634 2784 qudque
655 2709 811 2766 videbatur
825 2725 861 2764 an
878 2707 914 2762 il·

76 2789 142 2860 lud,
164 2789 223 2848 etsi
236 2789 342 2849 eadem
358 2787 531 2847 assiduitate
554 2787 639 2864 operi
662 2787 796 2852 iustam,
818 2783 914 2840 trium

77 2880 132 2930 aot
143 2881 272 2948 quatuor
283 2885 428 2928 annorum
440 2867 537 2944 spatio
547 2866 738 2945 perfecturus
748 2870 839 2928 essen
854 2873 914 2918 nee

78 2944 181 3012 tameo
203 2949 234 3010 ia
248 2967 305 3011 auo
328 2946 430 3018 studio
450 2959 543 3028 atque
565 2963 660 3025 opere
679 2937 817 3008 assavit:
838 2935 913 3014 quid
