2068 3278
117 203 153 258 82
354 215 505 256 nosrnsox
521 215 694 258 enusosus.

115 307 215 384 epulis
239 308 452 366 accumbentes
479 307 604 365 viderat.
640 307 729 366 ,inter
754 306 890 366 eundum
911 307 949 366 ed

116 389 299 448 devenerunt
313 386 363 446 ubi
377 389 465 446 ambo
477 387 593 444 barbari
606 383 800 446 inoermone
810 385 952 444 interfec-

116 470 139 527 ti
153 472 241 527 arena
260 466 359 526 obruti
378 467 525 546 jacebant.
567 469 680 538 Friday
702 467 804 524 locurn
828 467 951 525 domino

115 549 323 606 demonstrans
344 546 445 624 aperte
461 545 640 624 significavit
662 545 806 622 quantrlrn
822 547 951 621 gestiret

116 629 262 686 cadavera
277 628 453 686 istaeruere
477 639 509 684 ut
528 628 698 702 improbam
713 628 811 684 carnis
826 626 951 684 avidita-

114 716 176 766 tem
201 710 353 782 expleret.
404 708 513 780 ‘Quem
527 707 691 762 Robinson
715 706 834 764 intuens
860 717 951 765 torro
1017 733 1018 746 κ

115 789 215 857 uultu,
225 788 253 844 ei
268 788 399 846 declarat
414 786 558 864 quantum
572 784 589 844 a
604 786 656 844 tali
669 779 798 843 iocinore
813 787 879 862 ipse
900 787 951 844 ab·

116 868 245 934 horreat,
269 869 414 944 hastique
428 868 517 936 elato,
530 864 642 924 infesto*
652 877 752 942 gestu,
776 879 906 924 mortem
922 867 951 926 ei

116 947 279 1016 denuntiat,
292 946 318 1004 si
332 965 463 1024 unquam
474 947 526 1004 ille
539 945 690 1024 ejusmodi
705 945 807 1002 cibum
821 944 952 1022 attinge·

116 1038 171 1086 ret
213 1026 284 1100 Quo
297 1028 420 1104 quidem
435 1026 597 1094 intellecto,
611 1027 722 1098 Frldoy
737 1025 838 1084 statim
853 1025 952 1084 domi·

115 1125 155 1166 no
169 1107 278 1184 paruit,
298 1109 432 1166 incertus
445 1119 544 1166 tamen
567 1123 659 1182 quarn
684 1107 722 1163 ob
746 1121 869 1164 causam
892 1105 951 1164 sibi

116 1189 215 1264 epulis
223 1185 462 1257 interdiceretur,
475 1183 582 1262 quasti
593 1184 703 1250 teneris
716 1202 774 1244 non
788 1185 951 1245 rnediocri-

116 1277 163 1326 ter
176 1265 350 1342 appetierat„

50 1389 53 1396 .
155 1348 245 1406 Tune
268 1348 307 1406 ad
330 1348 432 1406 locum
454 1345 585 1406 convivii
612 1347 807 1404 devenerunt.
863 1345 949 1406 Heu!
1017 1355 1018 1378 ¹

114 1427 213 1506 qualis
223 1425 375 1505 aspectus!
399 1439 479 1486 terre
492 1444 600 1486 cruore
616 1424 717 1484 tincta!
736 1424 869 1504 disjecta
883 1443 951 1500 pas·
1017 1437 1018 1504 l

116 1505 174 1568 sim
184 1507 262 1567 ossa!
279 1509 432 1566 Robinson
443 1509 548 1566 oeulos
559 1506 665 1565 avertit
676 1505 855 1581 socirrrnque
863 1505 951 1584 jubet

115 1599 230 1648 terram
252 1587 356 1646 statim
375 1586 487 1654 fodere,
501 1588 662 1663 tristesque
676 1587 870 1644 barbarorum
887 1586 951 1644 hel-

115 1669 243 1728 luonum
258 1666 400 1744 reliquias
414 1670 557 1738 condere,

155 1747 242 1807 Dum
255 1746 307 1806 ille
323 1747 460 1806 mandata
475 1745 648 1822 exequitur,
662 1747 816 1802 Robinson
832 1743 950 1803 eineres

116 1826 229 1905 sopitos
243 1829 352 1888 attente
364 1826 534 1892 suscitabat,
549 1845 672 1900 sperans
687 1845 719 1882 se
728 1827 860 1900 aliquant
871 1824 951 1901 ignis
1016 1875 1017 1878 ,

115 1907 294 1986 particulam
320 1907 521 1964 inventurum.
564 1905 624 1964 Sed
646 1906 765 1964 frustra.
787 1905 881 1964 .Erat
906 1905 950 1984 ig-

114 1989 162 2048 nis
173 1989 295 2050 omnino
311 1987 474 2054 retinemur
496 1986 680 2064 quoquidenr
697 1987 847 2042 Robinson
865 2005 950 2060 mag·
1016 2011 1017 2034 t

115 2069 227 2142 nopere
238 2066 341 2126 doluit.
359 2065 410 2125 Ex
423 2085 484 2143 quo
496 2068 575 2125 enim
586 2067 684 2126 divino
695 2083 820 2123 munere
832 2066 951 2124 socium

116 2148 174 2206 sibi
184 2147 374 2229 adjunxerat,
383 2147 456 2204 nibil
465 2147 523 2220 ipsi
538 2148 601 2205 lere
616 2148 778 2222 optandum
793 2155 952 2220 supererat

116 2239 228 2304 praeter
240 2230 352 2304 ignem.
393 2226 477 2284 Durn
493 2241 594 2286 autern
611 2227 673 2294 ills,
688 2225 785 2300 capite
802 2226 952 2296 inclinato,

114 2321 285 2384 moestoqne
307 2307 392 2365 vultu
422 2303 571 2365 extinctos
599 2307 716 2365 cineres
736 2305 854 2378 aspicit,
878 2323 951 2363 ecce
1015 2299 1016 2320 ¹

115 2389 227 2459 Frtday
240 2385 311 2446 crim
321 2387 474 2446 dominum
486 2387 664 2463 cogitatione
675 2385 808 2444 defixum
821 2385 952 2444 animari·
1015 2425 1016 2436 η

116 2467 269 2536 vertisset,
283 2467 522 2542 nonnulla-signa
536 2467 616 2525 dedit
641 2483 710 2544 quae
730 2467 878 2521 Robinson
896 2483 951 2524 non
1014 2479 1015 2490 ¹

100 2543 275 2612 intellexit}
296 2558 361 2604 turn
376 2543 475 2606 subild
501 2549 621 2624 arrepta
642 2546 751 2614 securi,
772 2545 952 2604 citatissimo

117 2643 209 2684 eursu
235 2627 349 2699 sylvam
364 2627 438 2702 perit
452 2628 598 2696 intimam,
616 2629 811 2682 Robinsonem
827 2643 889 2701 que
907 2642 953 2684 re·

116 2705 225 2784 linquit
238 2706 512 2778 obstupescentern.

157 2784 241 2858 Quid
264 2787 319 2841 hoc
334 2784 390 2841 sini
412 2785 488 2845 vuit?
510 2787 549 2844 ait
571 2805 676 2845 secum
701 2787 865 2846 Robinson,
879 2785 953 2843 dum

46 2886 49 2891 ’
118 2880 240 2923 euntem
256 2861 352 2922 anxiis
369 2868 560 2940 prosequitur
575 2868 680 2926 oculis.
723 2865 778 2921 Me
802 2881 838 2920 ne
864 2873 953 2922 nomo

117 2943 247 3013 deserat,
272 2954 303 3001 et
324 2944 422 3002 ablata
432 2945 532 3002 securi
547 2945 694 3022 aufugiat?
716 2963 752 3002 an
766 2943 874 3007 illesit
889 2955 951 3002 tam

88 3027 91 3036 ’
119 3022 253 3096 perfidus
267 3035 302 3082 ut
312 3039 417 3082 meurn
428 3023 631 3084 habitaculum
642 3033 783 3101 occupet,
793 3033 828 3081 ut
840 3040 892 3082 me
908 3024 952 3100 ip·
