2048 3288
86 201 103 254 Β
334 209 669 256 toarssoncnosoaus.

85 312 142 442 Est,
163 311 267 364 ettam
282 304 360 363 male
373 323 405 363 se
421 303 531 374 habuit,
540 314 574 362 ut
587 302 737 381 expiranti
751 303 858 364 similis
873 303 914 366 vi·

106 397 218 442 eretur.

125 464 208 523 Heu!
231 477 368 541 parentes
380 463 496 542 optimi!
520 463 591 522 heu!
613 464 721 524 iterdnn
743 460 915 542 iteriimqoe

45 555 47 560 ’
85 545 277 608 exclamavit.
292 543 443 624 nunqudm
457 562 510 604 vos
520 563 580 621 ego
594 544 733 604 revisam.

31 655 33 659 ·
121 624 209 682 Bone
224 624 322 684 Deus!
337 628 509 685 exclamant
522 637 620 684 nautae
637 625 740 702 pailidi
754 627 915 702 desperan-
1008 648 1014 662 .

84 716 200 781 tesqua,
224 706 378 782 periimus!
398 705 513 782 abrepti
539 705 814 774 auntma1i‚navis
837 710 915 782 aqut

83 787 283 861 undequaque
297 788 477 862 completur.
500 784 557 844 His
570 785 678 843 auditis
694 787 847 842 Robinson
862 787 914 861 qui

83 864 112 923 in
123 867 215 924 cubili
226 865 346 926 nautico
356 866 488 933 sedebat,
497 865 643 923 membris
652 863 826 935 fluentibus,
835 864 914 924 retrb

84 948 235 1021 collapsus
257 957 311 1004 est.
332 934 446 1004 Coeteri
460 946 495 1002 ad
511 945 617 1004 antiias
630 963 800 1015 accurrere,
816 955 849 1004 ut
865 965 914 1004 na·
1013 975 1014 984 κ

84 1043 164 1094 vem,
177 1027 202 1084 si
219 1026 284 1085 fieri
299 1027 403 1102 possit,
413 1043 504 1101 supra
524 1044 633 1102 aquam
657 1025 811 1083 retineant.
852 1027 915 1084 Na·

83 1109 212 1164 varenna
222 1108 340 1166 interim
352 1119 499 1166 tormenta
510 1104 619 1166 iterdm
629 1103 799 1181 iterquue
810 1109 914 1180 explo-

84 1188 122 1243 sit
142 1197 174 1243 ut
197 1186 332 1256 navibus,
345 1183 369 1244 si
390 1204 459 1263 quae
481 1183 557 1245 forte
578 1193 635 1242 no'n
657 1187 747 1262 longe
768 1188 915 1255 abessent,
1013 1199 1014 1232 t

84 1265 268 1340 significaret
283 1286 315 1324 se
331 1285 440 1340 magno
455 1267 484 1324 in
498 1265 670 1326 discrimine
695 1265 818 1324 versari.
856 1269 915 1322 Ro·
1013 1313 1014 1318 ,

84 1348 186 1402 binaon
201 1347 253 1424 qui
266 1346 357 1426 bajus
368 1345 497 1424 fragoris
511 1365 632 1407 causam
647 1346 812 1422 ignorabat,
832 1357 915 1405 ratus
1013 1405 1014 1412 ,

84 1427 184 1484 omnia
198 1427 335 1503 periisse,
348 1425 446 1486 denuo
462 1427 651 1486 exanimatus
667 1435 721 1484 est.
1013 1481 1014 1490 ,

126 1505 164 1564 Et
177 1507 241 1584 jam
256 1525 354 1582 prose
370 1507 498 1584 quisque
511 1525 619 1584 aquam
634 1505 805 1573 exhaurire,
819 1506 914 1566 sedin
1013 1531 1014 1540 ¹

84 1585 188 1644 infimo
201 1589 284 1647 navis
298 1590 429 1646 tabulato
441 1589 597 1646 crescebat
611 1604 697 1662 aquae
712 1586 845 1644 altitudo.

91 1668 95 1674 '
125 1667 154 1723 N
158 1667 210 1725 ibii
226 1679 337 1743 praeter
350 1679 479 1726 mortem
491 1679 554 1726 erat
564 1661 594 1726 in
607 1667 825 1742 expectatione.
840 1667 916 1724 Pro-

83 1745 229 1823 jiciuntur
239 1749 361 1824 quidem
373 1748 409 1805 ad
418 1766 525 1806 navem
536 1748 747 1806 sublevandam
759 1757 917 1816 tormenta,

84 1827 172 1892 dolia,
186 1828 335 1888 mercium
351 1829 487 1899 sarcinam
502 1829 555 1886 sed
569 1827 640 1885 nibil
655 1829 722 1886 baec
736 1825 836 1884 omnia
847 1845 916 1902 pro·

84 1906 199 1967 ficiunt.

125 1986 244 2048 interea
265 1988 347 2048 navis
358 1989 424 2060 alia,
445 1988 547 2048 audito
571 1986 668 2046 sonitu
697 1998 915 2046 tormentorum

86 2086 155 2144 quae
170 2071 207 2126 ad
222 2069 451 2146 significandum
466 2070 627 2128 discrimen
643 2069 769 2144 explosa
789 2067 917 2136 fuerant,

85 2150 227 2222 scapham
240 2150 382 2208 emiserat
393 2151 429 2207 ad
441 2151 601 2207 servandos
612 2149 719 2206 saltem
730 2148 917 2224 navigantem

86 2229 140 2286 sed
155 2241 248 2288 aestus
264 2229 413 2289 fluctuum
427 2231 563 2288 obstabat
574 2227 736 2305 quomintis
747 2228 917 2286 accederet.
1012 2233 1013 2254 ¹

85 2307 229 2368 Attamen
252 2309 376 2387 propids
396 2311 436 2370 ita
457 2311 581 2368 demum
603 2307 702 2376 subiit,
723 2319 756 2367 ut
770 2307 806 2365 iis
820 2309 872 2384 qui
887 2306 918 2364 in

84 2390 153 2450 navi
166 2403 266 2448 essent
279 2390 359 2450 sunia
373 2387 585 2469 projiceretur.
618 2387 719 2467 Cujus
732 2407 790 2465 ope
804 2388 920 2462 scapha

85 2471 205 2528 tandem
227 2481 350 2530 attracta
371 2484 427 2538 est,
448 2483 479 2528 et
493 2471 523 2528 in
537 2488 605 2528 earn
619 2469 749 2546 quisque
763 2467 871 2540 desiliit
885 2477 921 2524 ut

85 2550 176 2608 saluti
191 2553 369 2610 consuleret.
403 2553 555 2607 Robinson
571 2549 623 2628 qui
635 2548 755 2627 jacebat
775 2545 921 2606 defuneto

86 2629 203 2700 similis,
214 2628 231 2689 ai
242 2631 422 2707 quibusdam
434 2631 531 2690 nautis
542 2649 617 2707 quos
632 2628 848 2688 adolescentuli
862 2629 920 2686 mi·

87 2713 214 2780 serebat,
225 2712 254 2768 in
269 2713 407 2772 eamdem
425 2711 581 2790 conjectus
595 2723 650 2768 est.
679 2709 744 2768 Vix
761 2705 921 2785 paulatim

50 2863 53 2870 Ι
86 2789 104 2848 a
124 2791 192 2850 navi
214 2805 409 2860 recesserant,
424 2795 493 2850 crim
508 2793 559 2850 illa
574 2803 641 2850 ante
655 2792 759 2848 oculos
775 2788 921 2848 fluctibus

85 2872 192 2930 obruta
206 2883 263 2932 ests
277 2884 306 2930 et
321 2891 398 2930 nunc
413 2870 531 2929 [elicitis
552 2871 677 2948 contigit
699 2885 732 2928 ut
753 2877 922 2945 tempestas
1011 2917 1012 2924 ,

87 2952 232 3025 paulatim
255 2953 421 3022 sedaretun
443 2953 530 3010 aliter
551 2954 659 3026 cymba
679 2963 721 3010 tot
748 2949 923 3010 hominibus

107 3044 209 3092 nerata
232 3031 297 3110 ipsa
320 3030 444 3112 quique
471 3031 614 3092 fluctibus
639 3035 780 3107 absorpta
801 3029 921 3088 inisset.
