2048 3288
103 186 141 246 la
341 196 494 242 aosrusorr
508 199 684 243 oausosus.
777 210 784 220 ·

204 371 353 484 caput
373 371 587 432 DECIMUM
610 372 836 448 QUINTUM.

103 533 213 608 upote
240 529 760 594 otrocea.-Praelium.-Fortitudo
789 501 940 592 Rodiiaeo·

342 613 548 690 nae-Friuay
562 627 714 671 servatus.

144 775 214 836 er
238 775 318 834 alma
333 773 393 834 diei
414 776 470 833 lux
494 774 618 834 umbras
640 773 738 834 noctis
759 772 940 850 dispulerat,

104 854 175 916 edm
192 857 345 912 Robinson
359 871 409 913 res
424 854 497 914 vidit
509 856 540 915 in
554 853 613 913 alio
626 854 741 914 lumine
756 855 936 914 collocatas.

103 936 196 1012 Quod
211 934 274 994 heri
297 934 466 1012 prudentia,
487 935 570 1014 quod
596 933 763 994 necessitas
782 935 938 1006 susdebat,

103 1027 176 1076 tunc
201 1011 331 1074 stultum
358 1026 449 1092 atque
476 1015 581 1076 inutile
602 1012 758 1092 judicavit.
802 1011 938 1074 Consilia

101 1095 227 1160 demum
238 1091 339 1156 mindo
352 1095 538 1156 consideratu
552 1111 622 1172 quae
633 1093 725 1154 timor
732 1093 791 1170 ipsi
805 1111 939 1172 sugges·

103 1187 193 1242 serat,
207 1192 286 1234 nuuc
299 1176 489 1251 reprobat,et
504 1179 540 1235 ad
554 1174 682 1235 meliora
694 1174 859 1252 rationique
872 1191 938 1234 ma·

103 1256 153 1336 gis
177 1265 376 1336 consentanea
389 1255 524 1316 animum
539 1253 697 1315 convertit.
738 1254 831 1316 Nunc
844 1254 938 1326 enim,

100 1348 190 1400 nocte
217 1334 401 1411 interpositi,
426 1334 567 1412 intelligit
594 1335 735 1394 timorem
759 1337 937 1394 hesternum

100 1413 359 1476 luissenimium.
400 1414 528 1476 Dudum
547 1415 588 1474 ait
601 1415 653 1474 ille
670 1432 787 1485 secum,
810 1415 862 1476 hic
876 1431 938 1494 ego

101 1508 401 1566 commoratussum,
421 1513 478 1555 nec
499 1497 581 1556 ullus
601 1512 735 1572 unquam
749 1497 840 1556 homo
853 1494 938 1556 ierus

100 1577 132 1637 in
144 1575 328 1638 vicinitatem
352 1576 514 1638 habitaculi
528 1577 590 1636 mei
612 1575 703 1645 veniis
725 1593 765 1634 ex
782 1593 844 1653 quo
865 1574 937 1636 satis

100 1667 184 1734 patet
198 1674 289 1716 suum
304 1673 358 1714 eos
381 1655 411 1714 in
430 1659 487 1717 hic
499 1657 598 1716 insull
619 1654 805 1714 domicilium
816 1673 874 1716 non
885 1657 938 1716 lra-

99 1738 183 1796 bere.
226 1733 477 1805 verisimilem,
498 1737 588 1796 aliam
609 1753 662 1794 eoa
682 1734 814 1796 incolere
836 1735 938 1813 regio·

100 1832 173 1878 uem
186 1816 266 1876 uude
288 1815 422 1874 nonnulli
436 1814 495 1876 lule
509 1815 632 1876 veniunt
646 1826 680 1874 ut
694 1814 835 1876 victorias
845 1827 937 1878 attro-

99 1895 189 1956 cibus
203 1893 305 1974 epulis
317 1896 544 1967 concelebrent,
555 1913 669 1975 eosque
679 1897 716 1956 ad
740 1913 810 1956 eam
825 1895 935 1958 insula

100 1991 220 2072 partem
234 1993 306 2052 quse
318 1975 418 2054 vergit
432 1976 469 2035 ed
484 1975 644 2036 meridiem
659 1976 827 2052 appellere,
840 1987 935 2055 atque
1022 1991 1023 1996 ’

99 2050 170 2120 unde
181 2055 349 2126 discedere,
362 2059 487 2116 caeteris
500 2055 609 2117 ineulae
624 2055 760 2134 partibus
774 2058 936 2135 neglectis.

101 2135 256 2212 Singulari
275 2135 371 2212 igitur
395 2153 431 2196 ac
452 2135 552 2198 divino
574 2153 712 2207 munere,
731 2153 792 2214 ago
813 2137 844 2196 in
858 2139 936 2198 lunc

98 2215 281 2278 steriliorem
295 2215 402 2276 insulae
413 2229 532 2295 partem
546 2218 725 2294 compulsus
735 2215 790 2288 fui,
800 2218 858 2277 hoc
866 2217 938 2295 ipso

99 2295 202 2358 tutior.
243 2295 328 2356 Tum
349 2296 448 2356 snimo
461 2309 493 2356 et
514 2297 628 2358 viribus
653 2295 860 2368 continuatus,
883 2299 937 2358 do·

99 2395 186 2440 mum
201 2393 234 2436 se
248 2375 385 2449 contulit,
395 2388 430 2436 ut
440 2395 519 2438 nova
530 2394 602 2455 qua
613 2376 721 2439 inierat
733 2377 858 2455 consilia
866 2395 938 2455 per·
1021 2375 1022 2386 ’

97 2467 288 2534 sequeretur.

140 2536 259 2595 Placuit
273 2535 351 2595 inter
365 2545 477 2597 caetera
494 2537 629 2614 plantare
642 2555 701 2596 uon
714 2539 822 2614 procul
836 2539 874 2596 ab
887 2556 937 2598 ar·

97 2616 191 2678 boreo
205 2634 267 2692 quo
280 2616 484 2676 habitaculum
502 2617 652 2678 munierat
666 2631 753 2694 septo
765 2635 874 2678 nemus
893 2617 938 2680 ita
1021 2657 1022 2670 2

98 2697 227 2758 densum
243 2705 276 2754 ut
287 2698 377 2755 sedes
397 2715 414 2755 a
428 2697 592 2774 longinquo
604 2697 739 2774 conspici
752 2716 810 2758 non
822 2708 935 2775 posset

53 2845 56 2850 ,
96 2775 170 2837 ‘flac
184 2784 285 2836 mente
300 2777 361 2835 duo
385 2775 507 2836 circiter
520 2777 615 2838 millia
629 2775 699 2836 o'us
720 2778 842 2856 generis
863 2778 937 2840 sali·
1008 2780 1010 2786 '

96 2855 325 2950 eumtplantavit
334 2873 410 2932 quas
421 2853 486 2950 jam
500 2855 588 2920 iacild
656 2858 719 2918 icea
733 2877 826 2936 agero
841 2869 936 2938 atque

95 2933 182 2996 brevi
216 2952 355 2994 crescere
385 2937 647 2998 animadverterat.
700 2937 763 2998 Sed
797 2939 936 2999 maximi

95 3019 266 3080 carendum
283 3013 433 3096 judicarit
443 3033 483 3076 ne
493 3017 658 3079 easordiuo
671 3018 776 3098 siquo
793 3017 935 3098 dispone·
