2048 3288
96 199 136 254 ⁷0
333 211 490 256 nostsson
504 212 681 255 onusosus.

95 301 207 362 inloto
229 314 368 374 versetur
388 323 446 362 uon
470 305 616 378 agnoscit,
639 321 695 362 nec
718 303 935 364 animadvertit

96 385 239 442 eumdem
251 402 319 442 esse
334 402 426 458 quem
441 383 526 442 antei
540 385 664 452 viderat
679 385 732 441 sed
748 397 832 460 putat
846 384 935 443 iuve-

95 463 175 521 nisse
190 483 222 520 se
236 481 346 522 novum
360 463 552 522 immanitatis
564 482 668 522 eorum
680 482 757 539 quos
770 463 849 540 fugit
864 483 935 522 mo·

94 557 281 602 ntsrtrentutn.
323 544 430 619 Itaque
445 543 659 602 violentissimo
671 543 787 618 impetu
799 541 801 548 ’
811 563 844 602 se
859 561 935 619 pro·

95 623 175 699 ripit,
199 641 297 699 neque
320 623 404 698 prius
429 643 550 684 currere
579 623 665 681 desiit
691 642 784 698 quam
812 623 935 682 fessum

95 721 188 762 cursu
204 722 315 780 corpus
330 705 408 762 vires
423 707 604 780 desererent.
640 703 728 762 Tunc
739 702 858 762 omnind
875 721 936 762 ex·
1008 753 1011 760 ,

94 783 223 860 haustus
237 802 388 860 sensuque
403 786 523 842 orbatus
539 784 676 860 procidit.
708 781 790 842 Huc
806 801 934 860 quoque

95 849 190 940 Lama
204 865 332 938 advenit,
347 881 403 922 nec
425 863 525 922 fessus
544 861 643 922 minus
663 859 751 940 juxtai
773 863 936 936 domiuum

95 945 276 1020 procumbit.
308 945 331 1002 F
332 942 394 1014 orte
407 945 435 1014 is
446 945 512 1019 ipse
524 959 587 1002 erat
599 944 685 1000 loeus
699 943 750 1000 ubi
764 955 850 1000 antea
866 945 937 1000 Rae

96 1024 200 1080 hinton
215 1043 298 1084 arma
309 1024 471 1102 abjecerat.
513 1013 623 1088 Oculis
636 1024 737 1098 itaque
752 1016 935 1082 nonsmultt's

94 1116 165 1180 post
187 1105 310 1180 apertis,
335 1108 400 1164 baec
425 1105 529 1178 prima
545 1103 735 1180 inffgramine
761 1103 936 1178 conspexit.

95 1181 312 1260 Quodquidem
326 1183 477 1244 somnium
487 1182 548 1258 ipsi
559 1180 679 1240 omnini>
694 1183 861 1250 visumst,
872 1200 935 1240 nec

94 1263 281 1340 intelligebat
294 1265 445 1340 quomodo
459 1274 487 1319 et
502 1279 586 1320 arma
602 1263 644 1319 sic
659 1261 847 1340 jacerent-'et
861 1263 941 1339 ipse

95 1341 125 1402 in
141 1362 211 1408 euru
222 1343 324 1404 iocum
337 1343 476 1402 venisset:
491 1353 644 1418 tantopere
656 1341 785 1402 formido
793 1341 936 1404 animum

95 1421 164 1501 ejus
175 1417 417 1500 perturbaverat!
981 1423 984 1426 ’

135 1506 183 1569 Ac
197 1503 282 1562 brevi
291 1505 434 1562 ,surrexit
448 1515 481 1562 ut
497 1501 707 1578 locumisturu
721 1497 812 1580 quarn
825 1504 926 1566 eeler-

96 1581 173 1644 rime
187 1584 347 1660 linqueret.
388 1585 449 1642 Sed
465 1596 537 1642 tunc
551 1581 710 1660 paululum
725 1587 762 1642 sd
784 1601 816 1641 se
829 1599 935 1642 rever·
968 1653 971 1658 ¹

96 1681 159 1732 eus,
172 1681 230 1722 nec
252 1674 314 1722 tatu
338 1663 514 1738 imprudens
537 1678 570 1722 ut
586 1683 668 1724 arma
692 1663 937 1736 oblivisceretur,

96 1743 201 1820 statuit
215 1761 251 1818 ea
263 1741 398 1820 jamnon
418 1761 534 1812 exuere
549 1743 659 1820 quibus
677 1745 750 1816 solis
763 1745 861 1807 vitam-
877 1761 936 1817 po·

95 1833 173 1882 terat
186 1821 356 1882 defendere.
397 1823 570 1898 Tantopere
594 1834 696 1882 autern
717 1835 781 1882 erat
795 1823 935 1882 debilita-

95 1915 156 1974 tus,
171 1915 215 1973 ut,
229 1902 301 1962 iicet
315 1904 442 1962 instante
464 1917 558 1972 metu,
577 1903 642 1980 jam
664 1921 722 1961 non
738 1905 853 1980 'eadem
870 1905 935 1978 qui

4 1997 26 2021 ‘-
95 1981 195 2055 antee,
213 1983 395 2060 *pernicitate
413 1981 546 2060 fugeret.
588 1983 647 2040 Per
662 1990 759 2042 totum
779 1982 934 2059 reliquunt
982 2045 985 2050 ,

96 2064 179 2136 diem
194 2063 253 2122 cibi
268 2062 436 2140 appetitum
450 2059 538 2138 plane
559 2061 669 2132 amisit,
690 2067 848 2140 semelque
869 2072 935 2122 tan·
950 2128 954 2134 ,

97 2141 255 2207 tutumodb
272 2141 404 2202 substitit
420 2145 455 2202 ut
469 2142 551 2202 sitim
565 2142 654 2202 fontis
668 2143 747 2219 aqut
761 2144 935 2220 restingue*-

98 2236 155 2284 ret·
435 2267 441 2277 ,

136 2305 261 2364 Frustra
274 2305 407 2380 speravit
422 2323 455 2364 se
478 2305 586 2362 eodem
600 2303 649 2362 die
670 2303 707 2362 ad
723 2304 828 2362 sedern
843 2323 934 2364 suam
953 2367 957 2372 ,

96 2399 323 2464 perventurum.
364 2386 506 2444 Obscura
531 2383 689 2462 jeminus,
711 2383 845 2444 dimidiae
873 2385 933 2443 cir·

97 2465 174 2526 citer
188 2469 271 2529 borae
285 2465 383 2541 spatio
398 2470 499 2525 aberat
513 2485 530 2522 a
545 2463 708 2533 domicilio,
721 2483 758 2522 eo
772 2463 888 2522 scilicet
902 2463 934 2522 in
1022 2516 1023 2519 ,

95 2549 165 2606 ioco
189 2547 455 2623 quomruscuium
480 2563 569 2604 suurn
597 2554 764 2602 vocaverat.
806 2543 932 2620 Quippe

56 2624 59 2627 ’
98 2625 230 2700 spatium
246 2623 473 2694 eratclausum‚
498 2636 529 2682 et
556 2623 627 2682 satis
649 2626 795 2699 amplum,
820 2623 934 2699 inquo

21 2741 22 2748 ι
97 2719 216 2782 partein
232 2705 337 2782 gregis
353 2709 521 2773 coercebat,
543 2704 613 2780 quia
637 2721 748 2779 nempe
773 2701 936 2778 pinguiora

97 2787 139 2846 ibi
163 2803 254 2862 quom
282 2802 377 2859 prope
407 2784 610 2842 habitaculum
640 2801 730 2845 suurn
755 2785 936 2860 errscebant

98 2867 243 2942 gramina.
285 2863 330 2922 Ibi
351 2866 506 2922 nonnullas
528 2879 632 2922 noctes
655 2858 804 2937 superiori
828 2875 934 2922 aestate

98 2945 232 3021 degerat,
256 2961 293 3002 ne
316 2943 352 3000 ab
372 2943 496 3000 inseetis
510 2963 580 3018 quae
593 2962 665 3000 eum
683 2942 764 3000 dorni
780 2943 936 3002 fodiebant

98 3021 297 3096 infestaretur.
339 3022 400 3081 Sed
409 3023 530 3104 'viribus
545 3020 632 3100 plane
646 3021 801 3083 exhaustis
812 3017 953 3102 longius*
