2048 3288
339 179 496 252 nosinson
514 206 685 252 onerosus.
891 197 924 248 17

139 302 223 360 Tum
238 301 344 360 flebilis
357 315 515 360 nautarum
529 301 598 360 oriri
614 304 736 369 clamen
751 313 815 359 tum
831 299 925 379 ejula-

96 391 149 440 tus
174 383 240 439 hinc
265 381 365 438 Deum
387 382 545 450 orantium,
566 382 634 440 inde
651 382 853 448 clamantium
876 381 924 440 alii

98 463 292 553 desperantes
318 461 374 518 sibi
395 462 493 518 crines
516 463 654 528 avellere,
680 460 801 536 quidam
821 461 923 538 jacere

97 557 275 598 semianimi.

139 620 205 678 Hos
227 619 302 676 inter
328 622 477 676 Robinson
495 632 558 678 erat
581 619 728 694 expiranti
750 619 865 688 similis,
888 638 923 678 ac

95 697 219 774 repente
242 701 410 774 exclamant
424 718 533 756 navem
560 700 726 756 dehiscere.
769 701 872 774 ltaque
894 700 924 758 in

97 790 217 854 stegam
238 797 342 834 omnes
356 797 515 836 accurrere
539 789 568 835 et
583 779 744 836 demissam
763 776 853 854 quaim
876 797 924 836 ce·

97 855 218 914 ierrime
233 857 262 914 in
278 860 420 932 scapham
434 877 538 914 omnes
552 858 682 915 desilire.
713 857 809 915 'l'anta
823 871 924 916 autem

97 947 162 994 erat
172 937 340 1002 multitudo,
353 935 517 994 inconsulte
530 939 689 1004 ruentium,
703 948 734 994 ut
745 938 793 994 vix
805 932 924 1012 scapha,

96 1018 208 1092 palmae
239 1015 392 1072 latitudine
420 1017 512 1072 undas
539 1029 702 1091 superaret.
745 1015 824 1073 Cum
854 1016 923 1074 verri

97 1106 178 1152 terra
193 1096 298 1167 procul
318 1097 445 1162 abesset,
467 1096 566 1154 cuncti
581 1097 618 1152 rie
634 1098 685 1153 ora
701 1095 828 1170 unquam
844 1114 924 1152 asse·

97 1177 224 1250 quenda,
240 1174 381 1232 saeviente
397 1171 471 1231 adeo
486 1188 673 1250 tempestate,
687 1176 889 1248 desperabant.

140 1254 182 1309 At
198 1270 270 1308 eece
281 1254 386 1329 ingens
399 1253 510 1310 fluctus
524 1257 560 1311 ad
577 1257 718 1330 scapham
735 1254 822 1321 volvi,
841 1273 923 1312 mon·

97 1331 137 1390 tis
152 1332 251 1396 instar,
265 1351 323 1407 quo
338 1351 442 1390 omnes
459 1349 620 1409 conspecto
633 1337 856 1406 obstupescere,
878 1352 923 1390 re·

97 1430 224 1488 mosque
239 1411 397 1470 dimittere.
439 1413 468 1470 N
473 1431 541 1480 unc,
554 1431 631 1470 nunc
645 1415 734 1470 instat
746 1414 923 1484 periculum.
932 1465 940 1492 ¹

11 1553 14 1560 ,
99 1490 136 1548 Et
151 1492 213 1570 jam
229 1510 244 1547 a
268 1509 315 1549 uae
331 1510 415 1548 mons
427 1495 570 1566 scapham
585 1492 755 1570 assequitur
767 1493 923 1550 subvertit·

96 1589 169 1648 ¹que,
183 1581 246 1628 tum
285 1572 394 1630 nivecsi
409 1573 593 1629 hauriuntur.

319 1891 465 1950 CAPUT
488 1891 703 1952 TERTIUM.

13 2059 15 2080 '
103 2053 174 2110 Sera
191 2051 366 2110 Robinsonis
375 2031 827 2121 penitentia.-Deesteretio.-
834 2053 924 2108 Vitam

186 2132 286 2188 misere
302 2134 629 2188 sustentate-Habitat
643 2138 672 2188 in
689 2136 838 2200 spetunca.

140 2290 254 2348 Furtim
269 2291 327 2350 sato
341 2290 464 2366 contigit
487 2303 520 2350 ut
538 2292 643 2368 ingens
665 2291 716 2349 ilie
738 2291 848 2348 fluctus
872 2287 925 2364 qui

101 2373 295 2427 Robinsonem
312 2373 510 2445 absorpserat,
530 2372 609 2430 idem
625 2373 652 2429 vi
670 2373 777 2446 magnit
795 2369 925 2442 recipro-

100 2467 182 2518 cans,
197 2451 344 2508 hominem
361 2451 389 2506 in
405 2453 479 2508 rado
493 2463 667 2526 exspueret.
690 2452 750 2508 Hic
764 2447 833 2508 crim
848 2467 925 2524 prae·

100 2539 147 2586 ter
167 2531 424 2604 exspectationem
440 2531 468 2588 in
491 2531 572 2588 sicco
588 2544 765 2596 versaretur,
783 2543 847 2586 tum
872 2547 925 2586 ex-

100 2609 206 2666 tremis
221 2609 333 2668 virihus
348 2627 418 2668 usus
440 2625 486 2668 est
499 2623 532 2667 ut
553 2629 702 2668 summam
723 2610 752 2668 in
776 2626 858 2666 oram
880 2629 926 2666 as·

102 2690 251 2755 cenderet;
268 2689 399 2765 cumque
417 2687 663 2764 supervenisset,
685 2690 776 2764 coepit
795 2690 926 2745 circum·

101 2771 228 2842 spicere:
251 2769 349 2826 Eheu!
365 2772 464 2846 qualia
477 2769 574 2828 oculis
587 2769 790 2828 obversantur!
807 2770 927 2840 acupha,

100 2849 193 2916 navis,
215 2849 299 2918 socii,
314 2850 412 2906 omnia
426 2850 572 2907 demersa.
616 2849 701 2906 Nihil
724 2843 842 2904 omniuo
860 2846 927 2900 reii-

101 2946 195 3003 quum
219 2941 330 3000 praeter
343 2932 462 2986 avulsos
475 2931 592 2986 tabulas
605 2947 675 3003 quae
692 2928 871 2982 fluctuantes
891 2921 927 2980 ad

100 3019 211 3066 terram
225 3008 404 3068 ferebantur.
429 3009 516 3068 Unus
528 3009 602 3083 ipse,
617 3023 695 3066 uuus
709 3001 928 3071 mercensem·-

488 3093 540 3143 at
565 3137 569 3148 ,
617 3123 620 3129 -

487 3163 498 3186 Κ
