2048 3288
328 173 481 215 nontusou
504 174 677 218 onusoeus.
879 165 916 218 tr

87 270 220 342 lapsum,
245 277 333 342 atque
362 266 532 341 proximam
557 279 647 324 terrae
672 267 785 326 molem
812 284 917 328 secum

19 401 30 419 „
87 357 233 414 traxerat;
255 357 384 404 attamen
406 348 506 404 omnia
529 344 585 404 ista
606 348 714 404 rudera
734 343 750 392 δ
774 349 919 410 spelunca

87 427 239 485 removeri
255 445 343 500 posse
353 425 589 495 videbantunita
601 443 633 484 ut
643 426 742 484 laxius
759 428 825 504 ipse
835 447 918 488 conr·

86 506 267 582 modiusque
288 507 442 564 habitaret.

128 587 178 646 Ad
204 589 261 643 hoc
276 587 436 642 accedebat
456 585 568 661 aliquid
590 603 630 643 ex
656 604 716 662 quo
737 587 918 664 intelligeret

87 669 145 725 hoc
168 665 226 723 sibi
248 664 375 723 feliciter
393 665 564 740 contigisse.
606 663 686 723 Crlm
701 667 781 724 enim
796 685 917 728 secure·

85 745 147 804 tius
161 749 262 804 locum
284 745 464 820 inspexisset
484 745 534 804 ubi
547 741 657 804 'saxum
678 745 753 804 illud
770 749 919 822 depende·

86 841 142 893 rat,
167 843 363 901 magno-cunt
379 839 502 900 stupore
517 823 667 902 cognovit,
689 827 762 884 illud
787 827 919 903 undique

88 909 153 964 solo
169 906 253 963 molli
273 905 407 962 innixum
423 905 525 974 fuisse,
547 903 621 963 adeo
638 919 670 964 ut
684 909 764 964 male
780 909 918 966 lraereret.

88 985 358 1044 verisimillimum
373 983 473 1060 itaque
495 998 569 1052 erat,
589 988 701 1042 tnolern
714 987 788 1044 lianc
802 985 919 1060 impen-

19 1095 23 1114 ι
88 1067 211 1124 dentem
240 1083 295 1122 suo
323 1065 454 1138 pondere
481 1053 566 1124 brevi
593 1067 786 1140 delapsumm
814 1065 919 1126 luisse.

19 1163 20 1168 ’
88 1145 179 1204 Tune
193 1141 291 1202 subito
305 1143 334 1202 in
346 1163 445 1220 genua
461 1157 638 1218 prostratus,
650 1146 762 1222 gratias
777 1145 844 1203 Deo
854 1147 918 1224 egit

88 1224 168 1302 quod
184 1224 225 1281 sic
240 1222 349 1282 iterum
363 1233 498 1282 servatus
512 1224 630 1294 fuisset,
643 1244 679 1284 ac
693 1224 798 1284 deinde
812 1226 917 1298 slscri·

86 1317 134 1364 ter
148 1306 185 1364 ad
198 1321 276 1381 opus
289 1321 322 1362 se
333 1304 466 1362 contulit.

283 1625 454 1684 curun
476 1625 701 1708 uncturum.

86 1759 241 1848 Robinson
273 1789 451 1846 abitaculum
467 1787 713 1856 reficit-Pam
726 1788 783 1842 riri
797 1791 917 1846 alimen-

127 1881 157 1925 ta
186 1875 215 1924 in
245 1871 291 1922 hie
321 1867 564 1925 em.-Imbribur
588 1873 733 1922 continuis
755 1871 914 1936 impeditus

125 1949 318 2020 domt‚fingit
330 1947 558 2004 voro-Nectit
571 1950 796 2004 rete-Arcum
813 1961 841 2004 et
862 1949 916 2004 Se·

123 2035 221 2103 giltas
232 2029 356 2099 conficit.

126 2189 266 2250 Tsnnnnr
280 2183 413 2263 protecto
427 2203 608 2262 arenamque
623 2187 700 2245 haud
714 2185 834 2272 difficile
853 2199 916 2248 erat

86 2285 255 2334 removere
271 2277 427 2342 supererat
436 2279 538 2324 autem
548 2267 654 2344 ingens
665 2286 773 2326 saxum
785 2268 915 2328 fractum

86 2348 116 2408 in
137 2349 215 2420 dues
229 2360 339 2423 partes,
353 2348 405 2404 sed
427 2347 535 2423 quibus
557 2347 711 2405 movendis
726 2365 804 2406 unus
827 2350 916 2408 horno
1002 2387 1004 2394 ι

86 2428 187 2504 impar
200 2427 363 2486 ridebatur.
405 2429 538 2486 Constus
558 2440 604 2485 est
626 2429 776 2484 Robinson
799 2441 917 2504 partem

87 2505 157 2586 ejus
171 2525 241 2584 quae
263 2508 359 2566 rninor
385 2519 449 2564 erat
469 2508 656 2582 provolvere,
670 2509 722 2566 sed
743 2505 865 2578 frustrer-
885 2523 917 2570 et

85 2603 167 2646 nunc
191 2584 301 2646 itertlrn
325 2585 531 2662 desperatione
560 2598 691 2663 torpens,
715 2589 802 2650 haesit
830 2590 917 2666 inops

86 2665 213 2728 consilii.

19 2811 21 2814 ,
127 2745 292 2823 Postquritn
307 2743 356 2804 diu
372 2764 478 2806 secum
490 2747 651 2808 meditatus
663 2745 730 2818 fuit,
742 2748 917 2806 recordatus

86 2835 135 2884 est
154 2845 187 2884 se
203 2845 335 2903 puerum
356 2825 478 2894 vidisse,
498 2829 616 2904 quoties
636 2827 783 2903 operariis
803 2823 917 2894 aliquid

86 2905 191 2982 magni
205 2906 345 2979 ponderis
355 2919 420 2964 erat
434 2907 627 2976 moliendum,
637 2905 752 2980 pertica
765 2917 817 2958 eos
829 2901 918 2975 longt

87 2988 249 3065 crassique
270 2985 315 3048 uti
328 2985 419 3066 cujus
437 2997 607 3045 extremam
623 2995 740 3059 purtem
759 2977 833 3036 moli
852 2993 903 3034 mr
