2048 3288
321 201 664 284 sosrrsouonusosos.
875 227 912 282 tltl

78 333 161 394 minc
173 331 329 411 repentino
351 335 439 393 ictus.
480 333 574 393 Videt
596 329 746 393 nimirrlm'
761 333 843 412 quod
863 331 913 393 bic

78 413 218 474 visurum
240 433 274 473 sc
293 412 448 492 nonquam
472 423 657 492 speraverat,
677 412 804 492 vestigia
818 413 914 474 homi·

77 511 152 554 uum
166 512 266 556 arenae
280 493 439 572 impresse!

119 574 203 632 Turn
218 575 270 633 ille
284 575 408 634 territus
422 573 554 652 undique
567 571 787 650 circumspicit
811 572 915 634 audito

78 655 129 714 rel
143 654 300 714 levissimo
312 653 452 716 loliorum
467 654 595 732 strepitu
610 665 722 731 stupet,
742 671 914 732 censusque

77 735 155 794 celeo
171 737 385 810 perturbantur
405 747 439 795 ut
456 745 515 794 stet
536 735 622 810 inops
644 735 770 805 consiliu
794 739 916 796 tandem

77 815 216 874 collectis
229 815 354 886 viribus,
366 813 472 892 lugam
486 815 621 889 corripit,
633 816 720 893 qussi
740 815 883 876 inserent
896 809 916 876 i

77 905 177 972 tergo,
197 911 255 954 nec
269 911 333 970 prae
348 906 461 956 terrore
483 897 636 971 respicere
658 913 753 956 ausus
774 906 829 955 est.
871 892 916 956 As

78 990 154 1033 ecce
168 973 294 1049 repente
312 975 452 1034 substitit.
494 973 599 1035 Metus
612 976 643 1034 in
656 977 811 1036 horrorem
825 975 917 1036 verti·

78 1065 140 1113 tur.
183 1053 277 1113 Videt
290 1052 435 1114 nimirtlm
455 1053 566 1115 losssrn
590 1056 747 1115 rotundam
771 1065 861 1134 atque
884 1056 916 1116 in

77 1133 183 1194 medio
193 1133 274 1214 ignis
284 1133 409 1194 extincti
421 1132 533 1194 iocum.
555 1135 658 1210 Quem
670 1133 760 1206 circi,
773 1136 916 1196 horresco

78 1215 225 1285 reterens,
244 1215 353 1283 erania,
374 1231 491 1287 marrus,
512 1215 617 1292 pedes,
639 1213 757 1292 aliaque
779 1213 916 1296 corppris

78 1312 149 1356 osso
161 1293 279 1372 aspicit,
303 1295 487 1355 execrandas
507 1295 653 1372 reliquias
676 1295 805 1356 convivii
818 1293 840 1355 sl·
855 1313 917 1373 quo

78 1386 187 1434 natura
199 1375 348 1446 abborret3
371 1374 488 1434 scilicet
501 1386 573 1434 tunc
588 1377 735 1452 temporis
758 1377 788 1436 in
810 1373 917 1438 insulis

82 1456 249 1526 Caroi'ls‘rts
270 1455 328 1514 leri
342 1455 479 1515 homines
492 1455 651 1534 degebant,
674 1455 844 1515 cannibales
854 1455 917 1516 'vo-

80 1535 142 1595 cati
154 1548 208 1595 sut
229 1535 457 1614 antropopbagir
479 1535 590 1612 quibus
604 1536 746 1594 solemnis
759 1547 825 1594 erat
848 1553 918 1596 coo·

57 1657 59 1661 -
80 1616 212 1676 suetudo
245 1615 374 1693 captivis
400 1615 539 1675 mactatis
566 1615 734 1692 essetisque
749 1619 750 1624 ’
768 1615 918 1676 immanes

79 1697 188 1774 epulas
202 1697 367 1768 celebrare,
380 1695 531 1774 inquibus
543 1695 648 1758 laetitit
661 1693 792 1756 atrocius
805 1695 918 1755 debac-

80 1777 257 1846 chabantur,
271 1777 422 1848 saltantes,
443 1787 595 1849 canentes,
617 1787 669 1836 aut
689 1775 790 1852 potitis
814 1775 920 1837 satiatb

79 1853 386 1926 tenerenturne.
443 1897 447 1904 -
629 1921 631 1928 ¹

123 1937 279 1994 Robinson
291 1939 397 1997 oculos
410 1939 447 1996 ab
461 1936 598 1998 horribili
611 1937 788 2014 spectaculo
802 1935 919 1996 avertit.

82 2015 210 2076 Nausea
222 2015 313 2076 etiarn
327 2029 494 2095 correptus,
519 2017 610 2078 animi
623 2015 756 2095 deliquio
770 2018 920 2076 laboratu·

80 2113 136 2156 rus
149 2095 266 2166 fuisset,
279 2097 337 2156 nisi
350 2100 541 2158 stomachum
556 2097 670 2158 vomitu
685 2100 822 2158 levasset.
857 2093 921 2156 Ubi

81 2174 217 2253 primurn
232 2176 390 2254 paululum
404 2175 539 2236 relectus
553 2189 609 2248 est,
623 2176 702 2255 fugit
715 2181 796 2238 tanti
810 2175 921 2236 ueloci-

81 2267 154 2325 tate,
169 2269 202 2315 ut
217 2257 267 2316 rix
282 2257 449 2334 fugientem
465 2256 563 2317 fidelis
578 2259 658 2316 lama
672 2259 758 2336 sequi
780 2256 921 2335 potuerit.

83 2335 257 2413 Tantopsre
273 2333 346 2396 verb
361 2351 495 2398 mentem
513 2339 692 2394 Robinsons's
706 2339 797 2396 timor
811 2337 922 2396 aliena·

82 2427 177 2486 verat,
191 2428 224 2474 ut
238 2419 327 2478 lsrnae
342 2419 391 2476 soi
408 2419 493 2494 plane
510 2418 631 2486 obl-itus,
644 2419 745 2476 audito
766 2414 923 2495 sequentis

82 2497 160 2556 socii
186 2513 306 2573 gressu,
329 2499 489 2556 instantem
515 2495 634 2574 ritergo
654 2497 710 2557 sibi
734 2499 922 2557 cauuibslern

84 2575 225 2654 tingeret,
239 2577 440 2656 omnibusque
455 2577 568 2637 viribus
581 2578 719 2654 effugere
733 2591 902 2638 conaretur.

125 2657 175 2715 Ac
188 2673 227 2714 nc
241 2665 366 2718 cursum
381 2669 581 2728 morarentur,
595 2659 724 2730 bartam,
737 2677 854 2726 arcum,
875 2675 922 2716 sa·

84 2736 186 2814 gittas,
201 2736 334 2797 securim
348 2738 464 2817 abjicio
478 2755 570 2816 quarn
588 2737 645 2797 sibi
658 2739 741 2798 videt
754 2736 923 2813 expeditio·

84 2833 162 2885 rern,
176 2817 257 2876 riam
270 2817 419 2894 potiorem
434 2820 534 2887 habet,
555 2817 731 2896 iteratisque
752 2835 807 2894 per
828 2828 923 2874 totam

84 2898 191 2956 boram
206 2898 384 2975 ambagibus
407 2897 452 2956 sic
474 2897 620 2957 efficitur
643 2895 860 2958 circumeundo
884 2893 924 2954 ad

84 2975 189 3036 locum
211 2979 354 3050 eumdem
371 2980 450 3036 unde
473 2977 635 3054 aufugerat
659 2975 790 3035 redierit.
833 2975 900 3032 Tor

85 3053 183 3116 novus
191 3058 296 3116 horror
303 3058 439 3117 arrimurn
448 3057 518 3137 eJus
527 3057 685 3116 attonitum
693 3065 832 3130 occupat.
851 3061 856 3079 ‘¹
