2048 3288
136 195 174 246 34
377 207 532 250 nosrnsorr
556 204 724 248 onusonus.

133 306 243 371 potest,
257 296 310 374 qui
325 317 381 376 per
396 311 526 376 quatuor
541 297 742 354 hebdomades
757 293 910 352 continuas
923 295 968 352 ni·
1010 307 1011 368 ᾗ

134 377 175 433 hil
189 378 325 436 ciborum
341 381 395 438 rite
411 389 583 456 paratorum
597 376 771 445 comederit,
785 393 968 452 omnemque
1010 389 1011 402 ¹

133 456 170 515 iis
184 457 316 534 unquam
332 460 472 518 vescendi
488 477 574 534 spem
591 454 708 530 penitds
722 455 866 514 amiserit.

140 529 157 580 τ’
174 536 301 596 Summa
315 554 378 600 erat
394 543 574 596 Robinsonir
590 535 727 604 felicitas3
743 536 795 592 sed
808 535 900 592 sensit
912 535 968 594 sibi

109 616 244 692 „aliquid
270 621 387 691 deesse,
410 620 526 678 scilicet
551 616 701 674 hominem
730 617 856 692 quicum
884 615 968 674 illam

133 700 379 759 communicaret.
410 701 491 758 Inest
506 697 584 756 enim
600 697 684 754 nobis
699 697 840 771 quiddam
854 697 968 771 abipsa

131 780 238 836 natura
252 780 371 854 penitus
385 781 519 847 insitum,
542 787 644 834 utnon
664 777 718 834 alia
744 795 792 834 res
816 777 967 833 hominem

131 857 231 933 magis
253 861 394 928 delectet,
408 858 498 937 qualrn
515 859 624 916 sicum
641 858 760 914 homine
775 857 889 915 versari
901 875 968 930 pos-

133 937 170 995 sit
195 951 225 995 et
248 940 390 1017 colloqui.
430 942 549 998 Natura
569 939 683 1014 quippe
705 937 777 994 nihil
799 937 967 994 solitarium

132 1029 223 1086 amat,
245 1032 275 1076 et
292 1020 317 1078 si
333 1032 493 1098 suppetant
519 1019 653 1076 omniurn
669 1030 781 1075 ‘rerum
805 1035 880 1093 quas
901 1017 968 1092 ipsa

132 1097 282 1158 desiderat
293 1101 469 1160 abundantia
485 1113 514 1157 et
528 1099 625 1174 copia,
638 1100 743 1173 erepta
760 1097 887 1154 hominis
902 1117 967 1154 orn·

130 1177 200 1236 nino
225 1182 390 1253 aspiciendi
417 1191 572 1256 potestate,
596 1197 686 1236 nemo
701 1189 746 1234 est
768 1190 830 1236 tam
851 1177 968 1236 ferreus

132 1258 228 1334 quiid
246 1261 314 1320 vitae
331 1279 428 1336 genus
440 1261 588 1318 sustinere
604 1259 707 1334 possit,
721 1257 833 1334 cuique
845 1276 901 1316 non
916 1276 968 1316 au·

130 1336 207 1395 ferat
222 1338 357 1398 fructum
372 1344 561 1416 voluptatum
575 1340 708 1396 omniurn
722 1341 852 1396 solitudo
884 1338 967 1396 Heu!

131 1417 172 1476 ait
188 1419 238 1476 ille
254 1439 324 1478 cum
343 1423 470 1496 gemitu,
491 1441 509 1477 o
523 1439 572 1478 me
587 1418 707 1477 felicem
721 1420 745 1476 si
759 1418 833 1477 mihi
856 1419 969 1476 contin-

132 1511 184 1575 gat
208 1501 336 1560 societas
358 1504 447 1561 unius
469 1501 559 1560 amici
584 1513 634 1558 aut
659 1499 898 1558 utriushominis
921 1499 968 1555 rel

130 1579 296 1638 miserrimi
311 1581 402 1660 cujus
424 1584 531 1640 mutua
545 1581 574 1640 io
590 1580 795 1637 benevolentia
810 1579 969 1654 conquies-

132 1660 211 1716 cam!
235 1661 267 1718 Si
281 1663 388 1718 saltem
402 1663 480 1720 adsit
492 1681 585 1720 unum
602 1658 690 1718 modd
707 1660 815 1718 animal
827 1661 969 1716 mansue·
1010 1663 1011 1736 j

131 1750 209 1812 tum,
225 1741 305 1798 canis
330 1751 381 1799 aut
404 1743 491 1811 feles,
507 1743 584 1817 quod
601 1739 755 1797 beneficiis
778 1738 852 1796 mihi
866 1739 969 1798 devin·
1010 1813 1011 1818 η

132 1818 221 1878 ciam!
246 1838 324 1881 nunc
340 1832 441 1880 autem
456 1822 532 1879 milri
548 1821 708 1878 vivendum
725 1831 770 1877 est
785 1821 908 1894 prorsus
923 1839 969 1878 so·
1010 1843 1011 1848 ¹

130 1899 229 1957 litario
240 1913 330 1978 atque
341 1904 377 1959 ab
387 1902 468 1960 omni
478 1901 671 1959 animantium
685 1900 827 1958 societate
839 1911 967 1958 remoto.

133 1979 194 2037 Hic
207 1981 347 2058 lacrymis
361 2001 447 2056 genae
460 1983 648 2039 maduerunt.
690 1981 778 2038 Tunc
792 1983 969 2038 recordatus

131 2070 179 2117 cst
194 2063 338 2134 praeteriti
353 2062 498 2138 temporis
514 2080 574 2137 quo
596 2080 671 2133 puer
685 2062 793 2137 adhuc,
812 2062 881 2118 edm
901 2079 969 2134 pos·
1010 2093 1011 2134 1

132 2139 325 2217 eetjucundd
347 2141 474 2200 fratrum
496 2151 548 2201 aut
564 2141 725 2217 aequalium
750 2141 969 2198 consuetudine

79 2267 81 2269 .
129 2216 200 2288 frui,
214 2239 286 2280 cum
300 2222 359 2280 illis
371 2222 491 2280 dissidia
506 2240 541 2280 ac
556 2225 637 2295 saepe*
648 2221 749 2298 jurgia
764 2221 878 2287 inierat,
894 2240 969 2296 quo·
1010 2249 1011 2304 q

130 2317 200 2358 rum
215 2319 293 2358 nunc
315 2306 499 2377 magnopere
516 2320 585 2358 eum
609 2301 755 2376 poenituit.
797 2300 899 2368 Eheu,
922 2319 970 2357 se·

76 2425 77 2428 ,
131 2395 202 2438 cum
219 2383 378 2456 reputavit,
394 2384 535 2458 equidem
548 2393 618 2438 tunc
632 2379 777 2454 temporis
800 2383 908 2453 partlm
926 2381 970 2437 in·

130 2461 246 2528 rolleni,
267 2462 369 2537 quanti
383 2465 499 2519 amicus
515 2461 553 2519 sit
568 2461 771 2526 aestimandus,
793 2471 969 2536 quantoque

130 2539 257 2598 aliorum
281 2541 433 2598 hominum
450 2541 581 2600 amicitia
596 2541 632 2597 sit
648 2539 823 2618 adjumento
838 2542 873 2596 ad
891 2543 970 2598 bene*

130 2634 161 2677 et
176 2621 261 2677 beate
278 2620 448 2678 viventium.
492 2622 532 2678 O!
560 2621 584 2677 sl
602 2620 686 2682 Deus
703 2619 776 2677 milii
801 2620 972 2694 largiretur

131 2699 335 2774 utaliquando
358 2719 617 2776 repuerascerem‚
639 2703 748 2776 quanta
765 2717 823 2776 ego
838 2701 972 2758 benevo-

129 2781 231 2848 lentia,
255 2791 366 2855 quanto
390 2799 492 2838 amore
517 2781 624 2840 fratres
649 2799 733 2837 meos
759 2791 811 2838 aut
830 2783 972 2855 aequales

36 2853 39 2862 ⁸
130 2859 361 2933 complecterer!
393 2861 422 2916 Ο
450 2861 540 2935 quaim
568 2861 704 2940 lubenter
728 2863 813 2917 leves
842 2859 971 2928 illorum

127 2938 240 2996 ferrem
263 2939 396 3017 injurias,
417 2941 614 3014 omniumque
635 2939 749 2996 animos
771 2939 916 2997 comitate
941 2951 973 2998 et

36 3037 41 3048 ·
128 3019 273 3094 obsequio
294 3021 330 3078 ad
353 3037 402 3077 me
422 3019 589 3078 allicereml
612 3019 640 3076 Ο
657 3035 707 3078 me
726 3019 879 3077 infelicem
905 3021 973 3098 qui,
1010 3017 1011 3030 ¹
