2048 3288
103 177 140 234 ⁵2
342 187 494 230 ιιοιιιιιοιι
515 188 691 232 causostis.

104 281 195 342 cessit
209 279 320 356 cupido
329 283 416 338 arctis
431 278 608 356 perficiendi
623 293 666 350 ut,
681 281 813 356 pluviam
826 282 946 340 eaden--

103 373 166 420 tem
202 378 309 455 parum
338 378 456 430 curans,
483 361 520 418 atl
549 362 785 436 conquirendum
817 361 938 437 lignum
1015 393 1019 438 ι

103 441 298 518 procurrerit.
341 441 401 500 eui
425 453 526 502 tamen
546 441 670 499 consilio
685 438 755 500 crim
781 443 939 517 quodlibet
1011 457 1020 494 ι

102 523 220 600 lignum
237 535 342 597 aptum
353 538 409 580 non
421 519 619 590 existimaret,
628 520 779 600 ejusmodi
791 521 940 598 quaesivit

123 604 183 660 uod
210 604 320 660 durum
347 601 427 659 idem
447 620 482 660 ac
508 603 621 658 lentum
644 613 723 660 esset
738 614 770 660 ut
791 601 860 660 ets
846 598 968 660 facile

100 621 350 748 flecteretur,¹
299 692 328 739 et
342 681 372 738 in
386 681 539 773 pristinam
554 677 617 738 fera
634 679 759 740 formam
775 681 896 739 rediret.
1012 675 1020 807 ἔ

141 759 217 822 Tale
229 759 304 838 ergd
319 759 464 836 lignum
456 775 610 820 inventum
624 776 714 838 atque
735 761 872 820 decisum
885 763 940 820 do·

99 861 185 904 mum
217 843 364 918 deportat,
392 839 617 935 confestimque
643 860 721 918 opus
749 843 939 920 aggreditur.

101 921 203 995 Quam
228 919 297 980 rard
321 933 393 980 tuuc
417 923 508 980 sensit
540 922 669 998 inopiam
704 923 795 980 cultri
825 923 937 980 idonei!

97 998 247 1076 Quamvis
268 1000 377 1062 iterdm
402 999 573 1096 iterquue
596 1013 721 1070 secaret,
744 1001 793 1062 rix
818 1015 936 1060 tantum

97 1085 225 1176 profecit
234 1095 377 1159 quantum
388 1081 552 1140 noscultris
562 1081 737 1158 Chalybeis
730 1083 865 1142 instructi
877 1100 938 1142 uno

97 1163 160 1222 ictu
175 1161 360 1255 proficimus.⁸
381 1159 561 1240 Quanquam
572 1163 684 1225 abortu
696 1181 792 1238 usque
803 1163 839 1220 ad
849 1181 939 1222 occa·
991 1191 1011 1236 Ι·

98 1261 168 1302 ιιιιιι
184 1243 242 1300 diei
253 1241 339 1318 operi
353 1242 484 1300 intentus
495 1253 569 1308 erat,
587 1260 713 1300 necesse
734 1241 792 1300 fuit
812 1255 844 1300 ut
868 1252 941 1302 octo

98 1323 164 1382 dies
185 1322 319 1398 integros
341 1322 412 1380 huic
436 1322 563 1380 labori
555 1341 597 1380 rm
639 1323 756 1380 nderen
797 1311 938 1381 Tandem

95 1400 281 1480 magnopere
302 1402 353 1462 ille
365 1403 486 1464 laetatus
507 1415 563 1472 est,
577 1341 648 1461 agnen
662 1420 767 1462 arcum
789 1421 866 1462 nono
887 1403 939 1462 die

96 1483 267 1559 perlectum
280 1485 362 1552 vidit,
386 1501 484 1560 neque
496 1493 577 1554 tunc,
587 1495 699 1559 praeter
712 1501 839 1542 nervum
851 1497 881 1540 et
891 1501 941 1549 sa·

97 1563 196 1640 gittas,
216 1564 380 1641 quidquam
401 1564 596 1623 desiderabat
634 1562 713 1622 Cdrn
738 1561 810 1622 verb
831 1562 936 1622 funem

94 1642 186 1720 quam
198 1644 408 1702 firmissimum
430 1644 633 1716 contorsisset,
646 1645 682 1704 ad
705 1643 830 1724 sagittas
845 1643 936 1702 labri·

94 1725 203 1784 caudas
218 1742 252 1782 se
265 1721 406 1782 accinxit.
1018 1729 1019 1734 ’

135 1805 241 1864 Jam
219 1822 243 1861 st
258 1802 372 1862 serrum
388 1803 542 1862 habuisset
563 1805 644 1880 quod
662 1803 778 1880 sagittis
791 1802 937 1880 praefige·
1006 1807 1019 1832 ‘¹

94 1899 152 1952 ret,
165 1885 277 1978 quanti,
298 1901 414 1960 quaeso,
435 1887 492 1942 hoc
515 1883 705 1944 aestimtssat!
741 1883 866 1942 Frustra
881 1901 936 1942 au·
1018 1909 1019 1920 ι

96 1977 158 2024 tem
170 1966 199 2023 in
215 1965 291 2022 votis
304 1965 378 2022 illud
391 1963 508 2028 hahuit.
545 1965 653 2022 Dum
646 1965 739 2044 igitur
753 1981 817 2022 rem
831 1974 935 2024 merua
1005 1967 1011 1976 '

95 2045 197 2122 agitat,
210 2046 330 2102 tandem
346 2043 482 2102 meminit
504 2061 536 2102 se
553 2045 683 2104 audiisse
701 2043 836 2102 homines
852 2043 956 2102 feros:
1013 2101 1017 2112 ,

93 2126 211 2184 ossibus
223 2143 402 2199 magnorum
418 2123 547 2200 piscium
570 2137 621 2182 aut
632 2125 765 2184 silicibus
779 2124 875 2182 acutis
889 2123 934 2184 uti
997 2137 1001 2142 ’
1015 2145 1018 2198 ῑ

95 2206 131 2262 ad
147 2205 270 2280 sagittas
284 2207 443 2280 hastasque
458 2206 616 2262 acuendus.
659 2207 692 2264 ln
717 2223 778 2281 quo
789 2206 857 2262 illos
873 2217 932 2262 sta·
975 2225 977 2230 ·

94 2285 152 2344 tuit
165 2283 284 2344 imitari.
326 2283 498 2342 Consilium
524 2303 645 2362 quoque
668 2285 731 2343 iniit
753 2287 846 2342 hastae
862 2303 934 2342 con·

94 2363 243 2424 liciendae.
284 2363 375 2436 Quod
399 2376 563 2440 utrumque
587 2365 685 2424 statim
714 2382 866 2440 agressus,
892 2366 931 2422 ad

95 2445 178 2502 littus
189 2446 329 2508 accurrit,
359 2445 460 2520 ibique
489 2463 557 2502 ossa
582 2445 725 2520 piscium,
753 2445 933 2522 lapidesque

94 2525 265 2602 aptissimos
294 2524 414 2583 invenit.
461 2523 542 2585 Tdrn
571 2527 718 2600 perticam
746 2526 867 2600 longam
897 2534 930 2582 st

94 2616 208 2662 rectam
224 2609 316 2662 hastae
331 2605 508 2663 destinatam
522 2617 667 2680 amputat,
681 2605 845 2681 pluviaque
862 2610 928 2662 m'a-
1015 2673 1017 2680 y

93 2683 181 2742 didus
205 2685 524 2743 domum'revertitur.
567 2683 649 2744 Intra
672 2703 784 2761 paucos
807 2685 872 2742 dies
897 2693 930 2742 et
1016 2681 1017 2686 ’

93 2764 187 2832 hasta,
208 2774 239 2818 et
263 2762 382 2838 sagittae
407 2763 553 2824 conlectae
583 2772 659 2824 sunt
704 2763 785 2822 Trlm
809 2767 929 2822 hastam

90 2843 222 2918 praeligit
237 2841 334 2916 lapide
351 2855 513 2917 praeacuto,
533 2862 568 2904 ac
586 2845 693 2906 deinde
709 2849 834 2919 sagittas
857 2844 929 2902 hinc
1007 2863 1010 2870 ·

90 2925 208 2984 ossibus
220 2922 348 2998 piscium
362 2925 501 2990 robustis,
510 2927 578 2982 inde
590 2927 695 2999 permis
706 2926 743 2982 ad
753 2938 926 2982 extremam

92 3016 208 3076 partem
235 3001 351 3074 additis,
373 3004 460 3062 alites
481 3001 561 3064 iacit.
602 3004 673 3078 Quo
694 3009 784 3074 lacto,
809 3001 927 3079 placuit
