2068 3278
322 197 471 250 sourusos
487 197 654 258 onusonus.
854 191 905 256 las

7 277 9 318 ³
90 285 189 348 dinem
209 303 367 364 quaereret;
389 292 438 348 diu
455 288 532 348 enim
549 301 632 363 grato
649 292 702 346 hoc
724 291 790 348 cibo
804 310 906 351 carue·

7 389 8 448 l
91 372 260 430 nantilla
275 369 343 428 verb
361 371 440 428 brevi
461 369 567 444 magna
582 388 650 426 curn
667 361 846 438 festinatione
861 392 907 430 re-

7 685 9 694 ι

90 447 153 512 (hit,
176 451 312 506 anhelans
328 451 516 524 pavitansque
542 452 604 504 haec
622 449 686 504 sola
700 450 831 524 proferre
857 471 908 544 po·

88 525 154 584 tuit:
175 530 417 586 adsuntladsunt!
459 527 617 586 Territus
610 547 672 601 rpse
696 531 871 586 Robinson'
865 552 906 588 ιιι-
971 545 976 553 “

87 615 220 680 terrogat
243 610 376 683 quisnam
403 608 487 664 adsit!
529 609 556 665 Ο
582 607 708 664 domine!
739 627 804 674 una,
829 613 908 680 duae,

87 695 158 752 tres,
179 707 232 744 sex
255 692 384 762 scaphae:
406 705 544 744 numeros
566 687 706 743 scilicet
700 700 775 744 rnter
795 701 856 745 tros·
877 703 907 747 et

88 777 154 832 sex,
176 779 295 840 propter
308 768 395 825 animi
411 767 597 841 agitationem
613 766 762 824 reminisci
776 787 831 824 non
856 789 907 845 po·

89 843 153 898 tuit

129 925 278 980 Robinson
298 925 388 1000 quam
404 925 590 982 velocissime
606 925 712 981 collem
729 927 907 996 conscendit,

88 1011 178 1076 atque
191 1023 245 1060 non
261 1005 322 1062 sine
338 1008 456 1061 horrore
473 1005 615 1080 agnoscit,
636 1006 744 1076 Fridoy
759 1023 813 1060 non
828 1025 903 1063 erra·

18 1127 22 1134 .
87 1080 175 1150 visse;
197 1095 285 1159 atque
309 1085 372 1160 ipse
394 1098 529 1142 rrumerat
552 1103 605 1140 sex
628 1087 751 1156 scaphas
777 1085 906 1143 barbaris

87 1163 217 1234 repletas
240 1165 290 1238 qui
315 1165 464 1238 appellem
488 1163 575 1220 littori
597 1164 780 1220 conabantur
823 1163 905 1224 Turn

86 1241 225 1298 celeriter
240 1243 400 1309 descendit,
425 1243 554 1318 sociique
579 1241 750 1315 trepidantis
774 1242 905 1303 animum

86 1318 279 1392 confirmat,
271 1336 455 1396 interrogans
469 1341 503 1378 an
520 1321 645 1378 fideliter
660 1326 688 1376 'et
704 1320 820 1379 strenui
835 1341 906 1382 cum

84 1395 151 1472 ipso
165 1413 242 1458 stare
254 1401 369 1468 velit,
348 1419 371 1458 ιι
386 1419 454 1458 curn
470 1401 599 1458 barbaris
613 1399 650 1456 sit
664 1402 886 1460 decertandum.

118 1475 189 1536 Vita
205 1500 272 1538 mea
292 1493 341 1538 tua
355 1491 409 1547 est;
435 1480 592 1571 respondit
605 1480 668 1548 ille,
693 1479 794 1538 edm
787 1481 904 1540 mterim

7 1591 8 1598 ι
81 1557 153 1614 satis
177 1557 311 1618 firmatus
325 1559 524 1618 fortitudinem
551 1558 701 1634 pristinam
721 1560 749 1616 in
771 1559 905 1618 animum

7 1699 8 1702 Ἴ
80 1639 259 1697 revocasset.
283 1639 372 1712 Ape
386 1639 467 1703 verb,
484 1642 632 1695 Robinson
649 1641 808 1708 exclamat,
829 1641 906 1700 absit

7 1735 9 1772 2
83 1727 117 1772 ut
125 1704 252 1776 barbari
266 1717 424 1778 inhumana
447 1733 631 1795 exequantur
653 1718 782 1776 consilia
825 1717 904 1790 Qua

7 1849 9 1868 ‚
82 1797 287 1860 constitueram
297 1815 355 1872 ego
364 1797 432 1857 trbr
427 1809 501 1856 mter
512 1801 641 1856 eundum
654 1817 811 1872 exponam;
826 1816 904 1856 nunc

82 1891 141 1932 non
155 1879 301 1952 loquendi,
316 1879 368 1935 sed
383 1877 489 1952 agendi
494 1875 621 1976 te‘mpus
633 1887 687 1936 est.

124 1953 206 2014 Tum
223 1954 344 2016 unumd
367 1957 552 2014 tormentise
577 1959 653 2014 vallo
677 1956 807 2024 deducit,
832 1957 905 2016 rotis

69 2033 252 2106 suffultum
274 2055 327 2096 sex
343 2039 472 2112 sclopeta
494 2035 615 2114 majora,
637 2049 762 2113 quatuor
781 2037 904 2108 minora,

7 2179 10 2196 ι
49 2129 53 2138 ·
84 2116 267 2192 repletaque
269 2117 329 2182 rlla,
343 2135 411 2174 cum
427 2117 541 2172 duobus
553 2117 658 2190 glarbrs
673 2113 790 2188 profert
814 2115 904 2174 Uter·

83 2210 144 2266 que
157 2187 273 2252 duobus
287 2195 425 2287 sclppetis
446 2195 604 2252 marmariis
622 2195 779 2272 gladioque
800 2196 904 2269 cingu-

34 2327 38 2334 ,
83 2271 170 2330 lum'
163 2273 291 2338 instruit,
305 2275 359 2334 tria
369 2276 500 2349 sclopeta
510 2272 622 2364 majora
635 2275 905 2348 humeroimponit,

7 2375 13 2388 ·
82 2362 291 2430 tormentoque
317 2353 454 2410 trahendo
478 2351 657 2430 adjungitur.
709 2349 903 2415 Abundabant

7 2471 9 2478 ,
84 2431 232 2504 praetered
255 2434 349 2509 globis
366 2431 521 2525 plumbeis
545 2433 707 2510 majoribus
729 2434 904 2493 minoribus·

84 2527 153 2584 que,
167 2523 196 2570 et
209 2515 332 2588 pulvere
346 2511 459 2568 nitrato.
502 2509 633 2570 Siccam
649 2515 703 2568 hoc
719 2509 837 2570 militari
853 2532 903 2589 ap·

8 2647 9 2652 1
84 2603 188 2664 paratu
211 2589 325 2648 fortiter
346 2593 380 2648 ad
396 2592 506 2646 bellum
530 2573 769 2666 progrediuntur.
811 2593 902 2652 Ponte

84 2671 217 2730 versatili
232 2670 365 2748 trajecto,
380 2670 547 2726 consistunt,
588 2671 616 2728 Τ
620 2689 670 2728 um
695 2673 841 2727 Robinson
857 2691 903 2730 so-

82 2749 132 2806 cio
144 2769 234 2808 omne
249 2750 317 2806 belli
332 2749 486 2808 eonsilium
502 2749 649 2824 exposuit.
691 2751 826 2808 Montem
846 2752 903 2810 cir·

81 2827 164 2896 crim,
179 2829 229 2898 ait,
250 2840 337 2904 atque
357 2847 411 2904 per
424 2828 628 2886 densissimam
651 2831 763 2902 sylvam
785 2829 903 2898 ibimus,

82 2927 120 2966 ne
142 2912 178 2966 ab
202 2911 333 2968 hostibus
354 2907 581 2984 conspiciamur.
623 2909 702 2976 Tum
725 2905 753 2964 in
775 2908 902 2967 arbustis

82 2989 183 3068 densis
196 2989 234 3048 ad
247 2987 329 3050 littus
339 2987 400 3049 scre
415 2989 653 3070 procurrentibus
666 2989 701 3046 ad
716 3005 768 3053 eos
780 2985 880 3067 propit
