2048 3288
244 166 251 174 ,
320 134 469 180 noetusou
491 139 667 194 cuusoeus.
874 134 910 186 25

79 251 232 310 pressum,
256 231 336 307 quali
349 249 403 288 nos
417 230 446 288 in
472 229 595 306 Europe
616 229 739 297 utimur,
760 230 913 310 eJusmodi

78 326 181 372 tamen
200 324 231 371 ut
255 313 290 369 ad
316 311 380 368 dies
396 314 595 368 numerandos
618 310 780 369 sufficeret.
823 313 913 386 Quod

80 395 205 470 quidem
220 393 271 450 tali
291 393 382 450 modo
396 402 555 448 essecutus
575 404 628 448 est.
670 390 808 462 Quetuor
829 397 914 452 erbo·

80 475 165 532 ribus
190 473 340 547 contiguis
364 472 475 528 corrice
499 469 590 546 quim
615 471 770 530 levissimo
795 475 913 544 electis,

80 573 169 612 unam
185 571 255 629 quae
271 551 475 624 magnitudine
498 545 626 609 iaeteras
648 555 818 626 superabat,
839 573 913 632 quo·

78 652 140 711 que
155 651 283 708 vespere
305 633 413 690 lineoiei
426 631 518 689 incise
531 631 652 699 notavit,
672 649 743 707 quae
761 633 841 691 diem
864 637 914 692 ab·

79 719 216 772 solutum
231 713 424 790 significaret.
467 713 538 770 Post
558 712 668 770 incisas
684 723 801 786 septem
822 715 913 772 lineo·

80 795 137 862 las,
151 805 215 851 erat
229 793 295 851 finis
310 793 516 860 hebdomade,
537 803 568 850 et
583 794 661 850 hunc
676 791 824 852 indicabat
843 812 914 852 exu-

79 887 145 931 reta
160 875 189 931 in
204 874 343 948 proxime
356 873 461 930 arbore
477 872 563 932 linea.

121 951 250 1026 Quoties
265 955 294 1011 in
308 954 402 1010 altere
423 953 478 1009 hec
493 955 598 1010 arbore
613 947 742 1030 que‘tuor
755 961 806 1012 eut
829 955 914 1031 'quin-

80 1052 141 1111 que
168 1035 292 1092 lineolae
306 1033 515 1108 insculpserat,
539 1032 568 1090 in
590 1033 679 1091 tertie
692 1037 797 1092 arbore
822 1035 914 1095 simili

79 1115 160 1172 lineri
175 1117 293 1172 notabat
314 1114 467 1187 integrum
483 1129 618 1171 mensem
640 1114 788 1188 elapsum.
831 1115 915 1174 Duo·

79 1195 180 1252 decim
196 1207 297 1252 autem
312 1193 397 1250 lineis
411 1192 573 1250 menstruis
594 1193 747 1261 absolutis
765 1194 795 1252 in
810 1199 916 1270 quartu

27 1307 28 1318 κ
80 1276 188 1332 arbore
214 1273 347 1349 signabat
368 1291 478 1330 annum
500 1285 667 1348 peractum.
709 1272 791 1332 Cdm
813 1285 914 1334 autem

79 1349 328 1430 menses'quique
342 1371 398 1411 non
414 1354 471 1410 sint
482 1353 676 1427 peridierum
691 1371 827 1423 numero,
842 1355 915 1413 vici·

79 1436 139 1491 bus
153 1435 286 1504 alternis,
309 1433 430 1508 triginta
440 1433 505 1501 nni,
518 1432 641 1507 triginta
655 1442 686 1490 et
711 1450 805 1491 unum
829 1437 916 1494 alteri

33 1581 35 1586 ,
78 1515 240 1583 incidebat,
254 1525 385 1587 excepto
400 1529 503 1569 mense
524 1509 674 1572 februario
687 1529 780 1588 quem
802 1525 871 1573 octo
886 1525 917 1574 et

33 1596 37 1612 ⁸
79 1593 187 1672 viginti
201 1592 318 1654 tannim
333 1591 451 1650 lineolis
463 1592 647 1668 designabat.

122 1676 182 1732 His
197 1693 272 1750 ergo
286 1675 449 1743 usualibus·
472 1675 624 1728 Robinson
642 1685 814 1750 temporum
837 1677 916 1739 ordi·

79 1773 151 1814 nem
169 1754 310 1820 servavit,
324 1755 466 1830 diemque
488 1753 666 1812 dominicam
681 1751 698 1812 i
713 1758 834 1814 caeteris
850 1758 916 1832 dig·

80 1853 206 1892 noscere
221 1834 433 1910 potuit,qua1n
448 1851 533 1892 more
548 1835 777 1892 christianorum
796 1834 852 1894 rite
867 1853 916 1894 ce-

28 1967 29 1970 ,
80 1915 219 1972 lebraret.
882 1930 885 1936 ·

123 1995 249 2054 Interim
263 2005 326 2053 erat
351 2005 531 2071 consumpta
553 1993 688 2054 maxime
709 2013 778 2070 pars
801 2015 916 2056 nucum

31 2117 32 2125 t
81 2093 218 2134 cocossae
240 2074 310 2152 ejus
324 2093 415 2151 quam
439 2077 605 2134 unemhuc
629 2095 727 2152 usque
752 2076 916 2148 invenerat,

76 2167 173 2232 etque
196 2155 225 2212 in
241 2157 340 2214 littore
362 2168 422 2213 tam
446 2173 522 2216 rarae
544 2159 725 2232 apparebant
749 2167 859 2218 ostreae
882 2171 916 2218 ut

81 2236 314 2295 h'ominialendo
336 2255 392 2294 non
416 2237 596 2296 sufficerent.
638 2238 745 2314 Itaque
770 2237 808 2296 de
833 2239 916 2297 victu

81 2315 196 2376 iterum
213 2319 357 2375 sollicitus
371 2335 438 2374 esse
453 2317 557 2392 coepit.

27 2417 29 2420 ·
125 2397 281 2454 Hactenus
294 2399 415 2474 quidem
439 2417 496 2455 non
510 2395 598 2476 longe
618 2399 655 2456 eb
669 2398 839 2457 habitaculo
861 2417 916 2458 suc

55 2535 57 2540 ,
82 2477 275 2546 discesserat,
299 2489 382 2536 metu
407 2477 538 2538 feret-um
563 2491 615 2537 aut
638 2478 804 2537 hominum.
846 2479 916 2539 Jum

83 2556 156 2630 vend
171 2559 350 2616 necessitate
365 2571 498 2628 coactus,
511 2559 639 2618 insulam
655 2561 840 2635 perlustrare
864 2579 915 2620 att·

83 2656 137 2695 sus
153 2651 198 2695 est
212 2656 242 2696 ut
259 2659 334 2697 neve
355 2651 508 2714 quaereret
529 2640 681 2709 elimenta,
702 2639 915 2714 constituitque

84 2717 131 2776 die
149 2720 286 2792 proxime
302 2718 401 2776 facere
414 2722 637 2778 excursionem.
681 2719 742 2777 Sed
754 2729 788 2778 ut
799 2735 832 2774 se
846 2715 918 2774 sini·

84 2797 146 2855 mio
171 2801 243 2857 suiis
258 2813 334 2858 aestu
357 2798 540 2871 defenderet,
562 2817 721 2874 vesperem
746 2799 835 2854 istem
850 2811 916 2850 um·

83 2878 172 2937 bellae
188 2881 381 2938 conficiendae
397 2881 553 2954 impendit.
585 2878 666 2936 eum
682 2879 804 2936 heberet
818 2888 917 2945 neque

84 2957 222 3034 linteum,
234 2978 332 3038 neque
354 2964 488 3038 virgulas
502 2963 699 3028 balaenarum,
714 2969 772 3012 nee
784 2947 906 3027 fur-ficet¹

492 3059 510 3098 ο
