2048 3288
338 260 496 302 noamsos
515 255 686 305 onuaoeus.
886 251 921 303 tl

133 346 243 410 Laetus
257 351 361 411 deinde
386 353 536 408 Robinson
558 371 628 410 eum
652 350 736 427 petiit
757 353 858 411 locum
873 356 925 414 ubi

91 426 206 489 lamam
234 449 265 489 se
287 431 489 506 exceptuium
513 434 658 506 sperabat.
703 431 853 491 Rei-ubisit
868 435 924 492 sub

92 513 210 580 arbore,
237 515 339 570 boram
367 524 530 586 expectans
553 511 613 588 qui
634 513 765 569 solebant
788 514 924 583 transire,

92 599 184 666 atque
198 589 312 649 interea
327 610 413 649 carne
425 594 492 648 assa
507 601 536 645 et
547 593 701 648 tuberibus
715 592 854 662 epulatus
865 605 924 662 esta
948 591 951 596 ’

91 669 204 745 quibus
218 671 352 745 quidem,
366 671 464 730 addito
478 673 550 739 sale,
565 687 653 745 sapor
666 688 744 728 nunc
758 683 821 728 erat
835 673 923 750 longe

90 746 267 828 jucundior.

134 825 198 886 Sub
226 829 315 888 finem
338 829 462 906 prandii,
489 849 562 890 ecee
585 834 678 889 lamas
699 829 922 890 accurrentes&

92 905 257 985 longinquo
279 909 432 985 prospicit.
484 911 648 968 Confestim
674 914 824 966 Robinson
845 928 923 970 staria

92 984 122 1044 in
137 987 260 1055 insidiis,
274 1003 417 1064 expectat
436 992 532 1047 donec
546 992 826 1067 appropinquarent;
849 1009 919 1050 non·

8 1065 9 1068 ’
91 1068 168 1124 nulli
190 1067 254 1146 jam
275 1071 490 1143 praeterierant,
511 1072 564 1127 sed
586 1081 671 1126 extra
693 1083 824 1144 captum
848 1069 921 1128 ciltn

93 1161 167 1203 ecee
182 1166 260 1207 rinus
272 1165 310 1206 ex
324 1149 382 1206 illis
396 1161 457 1206 tant
474 1148 565 1224 prope
580 1149 707 1206 accessit
720 1162 752 1205 ut
767 1152 835 1225 ejus
846 1153 923 1207 collo

93 1225 234 1302 laqueum
261 1227 408 1306 injecerit.
449 1229 510 1301 Qui
535 1227 605 1286 ctltn
627 1231 727 1286 balare
755 1243 924 1300 conaretur,

94 1306 257 1375 Robinson,
282 1325 319 1364 ne
348 1320 477 1367 caeteros
506 1311 680 1376 deterreret,
709 1310 848 1382 laqueum
883 1309 923 1366 ita

93 1387 239 1444 contraxit
264 1399 296 1444 ut
321 1407 380 1445 rox
411 1392 540 1446 haereret
565 1386 711 1444 faucibus.
752 1387 833 1445 Tum
850 1407 922 1446 eum

93 1465 223 1524 celerius
233 1467 262 1525 in
277 1467 399 1525 dumeta
414 1470 572 1540 abreptum
590 1463 781 1540 &conspectu
797 1482 922 1524 caetero-

90 1561 160 1602 rum
189 1547 323 1604 removit.
365 1546 463 1621 Capta
490 1546 583 1602 Lama
610 1545 736 1602 duorum
768 1549 919 1619 pullorum

91 1637 188 1683 meter
209 1639 280 1684 erat.
323 1625 508 1702 Quiquidern
529 1641 639 1699 magno
655 1626 832 1682 Robinsom's
848 1645 922 1698 ,rau-

51 1717 56 1729 ¹
92 1704 142 1762 tlio
166 1706 270 1764 matris
291 1705 418 1782 vestigia
442 1703 548 1771 secuti,
570 1703 721 1761 bominem
744 1703 864 1762 minime
887 1705 922 1763 ti·

90 1800 175 1842 mere
191 1785 249 1843 visi
271 1799 348 1844 sunt.
390 1784 474 1842 Dum
496 1783 565 1840 illos
591 1785 741 1838 Robinson
758 1787 923 1854 demulcet,

90 1861 141 1921 isti
157 1883 278 1924 manum
288 1864 356 1944 ejus
365 1867 512 1940 lambunt,
520 1863 606 1939 quasi
617 1875 734 1921 orarent
747 1874 778 1922 ut
793 1877 922 1924 matrem

90 1941 264 2003 dimitteret.
455 1943 458 1949 ’

133 2025 285 2082 Robinson
298 2025 403 2105 igitur,
428 2027 488 2086 voti
503 2045 637 2101 compos,
652 2025 799 2100 captivam
814 2043 920 2100 quarn·

90 2100 136 2160 vis
149 2105 357 2175 reluctantem,
368 2110 429 2165 tota
442 2107 472 2164 vi
487 2107 636 2174 connisus,
649 2123 753 2162 socurn
767 2105 920 2174 abstraxit,

89 2183 360 2263 beatissimamque
383 2187 462 2244 viam
483 2186 639 2263 ing‘ressus
653 2186 771 2244 tandein
793 2185 920 2242 feliciter

89 2261 215 2322 domum
231 2267 398 2324 revertitur.

131 2343 223 2401 Nunc
245 2357 278 2403 ut
300 2347 433 2422 hospites
460 2346 617 2406 commode
639 2344 805 2419 exciperet,
827 2344 921 2418 coepit

89 2423 244 2482 stabulum
266 2440 406 2483 extruere
423 2427 503 2486 ‚atrio
531 2443 586 2483 suo
607 2425 794 2499 contiguum3
820 2424 921 2482 securi

88 2501 199 2577 nempe
221 2504 339 2580 lapidea
361 2519 478 2566 teneras
504 2511 624 2565 arbores
640 2503 762 2571 excidit,
784 2523 858 2579 quas
882 2506 923 2562 ita

88 2581 182 2640 denso
195 2585 298 2643 ordine
312 2588 471 2656 conseruit,
489 2599 522 2644 ut
536 2586 680 2662 parietem
696 2584 766 2640 satis
788 2583 920 2641 validum

88 2663 265 2741 objicerent.
307 2667 401 2724 Lama
423 2686 515 2742 quam
530 2665 704 2742 alligaverat
719 2665 827 2732 arbori,
842 2663 922 2719 lessa

42 2784 47 2795 .
88 2745 279 2815 recubuerat3
301 2745 376 2822 pulli
400 2759 503 2804 autem
528 2743 709 2819 captivitatis
734 2759 799 2798 suae
827 2741 922 2797 nescii

11 2843 15 2878 3
87 2821 238 2902 jacebant,
252 2829 354 2888 matris
369 2828 462 2882 ubera
473 2837 627 2900 sugentes.

111 2904 158 2960 Ὀ
188 2917 366 2979 pergratum
392 2907 554 2960 Robinsonl
581 2913 682 2959 nostro
696 2894 921 2974 spectaculum!

88 2981 206 3041 Iterum
221 2994 311 3060 atque
326 2981 437 3042 itertltn
453 2982 594 3049 constitit,
615 2979 805 3036 carissirmnn
827 2989 920 3045 perr·

87 3062 218 3134 inruens,
246 3081 339 3140 seque
367 3063 469 3139 ipsum
494 3065 616 3118 beatum
644 3053 820 3130 praedicavit

499 3146 550 3196 122
662 3157 664 3162 ·

977 188 990 222 N
