2048 3288
332 165 484 204 nosmson
507 165 677 206 onusosus.
881 160 918 210 ta

96 255 207 314 Lamae
231 265 405 331 sequuntur.
459 253 522 311 Vix
547 254 614 312 inde
634 253 823 330 aufugerant,
849 253 919 314 cum

95 353 205 393 saxum
219 335 249 392 in
259 353 318 410 quo
329 336 472 408 spelunca
482 344 554 402 erat,
565 336 679 392 ruinam
692 334 782 404 tletlit.
807 337 921 391 Robin-

94 433 148 471 aon
164 415 214 472 cui
230 415 317 472 timor
331 415 392 472 alas
405 414 568 480 addiderat,
588 433 643 490 per
656 414 765 472 ostium
783 413 921 474 vestibuli

23 526 26 536 ι
94 511 128 550 se
144 493 300 569 proripuit,
312 494 415 552 Lamia
428 491 515 551 anxie
527 512 596 552 eum
613 493 844 571 insequentibus.

132 572 268 632 Primum
280 585 381 632 autem
396 593 461 631 eam
474 573 559 648 petiit
569 575 677 632 montis
696 573 783 632 vicini
804 586 920 649 partem

92 657 153 728 qua
173 655 352 712 excurrebat
367 654 395 710 in
410 656 519 712 nudam
533 655 697 728 planitiem,
718 671 753 710 ne
765 655 920 714 arboribus

92 733 158 808 ipse
173 733 395 794 concidentibus
409 735 595 791 obrueretur.
614 781 616 788 .
638 731 708 806 Qub
723 735 857 801 tendens,
871 753 920 792 su·
1002 733 1003 736 ’

92 809 153 870 biti)
169 831 278 890 magno
292 831 362 870 oum
378 825 501 880 terrore,
514 815 666 890 ingentem
678 814 790 872 hiatum
806 811 842 872 eti
855 810 921 886 ipsa

92 893 201 960 montis
215 895 244 950 in
258 903 341 968 parte
358 893 436 950 videt
450 891 526 950 unde
535 907 697 968 erumpunt
707 893 820 960 furnus,
834 893 919 951 flam·

91 989 162 1041 mae,
175 971 293 1035 favillae,
308 974 433 1048 lapides,
454 991 523 1033 curn
540 974 665 1032 materia
677 973 813 1030 candenti
827 992 919 1048 quatu

91 1051 208 1110 Lanam
223 1055 382 1145 appeliant
424 1052 487 1110 Vix
505 1053 595 1112 etiam
610 1051 684 1128 fuga
698 1053 787 1110 morti
807 1071 838 1110 se
861 1053 919 1112 eri·

90 1132 166 1206 puit;
188 1133 300 1210 quippe
315 1138 386 1190 lova
414 1133 552 1200 candens,
573 1131 711 1189 torrentis
726 1131 826 1202 instar,
851 1150 917 1190 rue·

88 1211 149 1279 bau
172 1231 280 1288 magna
294 1227 395 1272 autern
410 1211 518 1277 montis
531 1209 678 1290 fragmina
700 1211 768 1270 hinc
790 1221 820 1270 et
847 1211 916 1273 inde

87 1291 364 1370 disjiciebantur.

130 1371 211 1430 'ltlm
227 1375 264 1432 ad
280 1373 363 1446 littus
384 1372 544 1448 procurrit,
557 1369 638 1442 ubi
629 1389 730 1448 tpsum
753 1389 830 1430 nova
850 1373 918 1433 hot·

88 1453 239 1528 rendaque
253 1471 354 1510 rerunt
366 1452 462 1516 forma
475 1451 598 1526 excipit.
640 1451 746 1510 Turbo
756 1451 917 1510 vehemen-

87 1531 224 1590 tissimus
247 1535 284 1590 ab
310 1531 391 1591 omni
419 1532 486 1592 coeli
509 1542 594 1606 parte
615 1529 731 1590 nimbos
754 1531 919 1606 collegerat

87 1611 175 1688 quasi
189 1613 263 1671 alios
278 1612 366 1670 aliis
358 1611 523 1688 impositus,
545 1607 621 1671 uude
638 1623 697 1670 tam
714 1613 815 1688 gravis
829 1629 916 1688 aquae

87 1690 147 1752 via
161 1690 258 1757 subito
282 1691 352 1761 ruit,
375 1704 409 1751 ut
429 1691 525 1764 omnis
547 1692 630 1769 regio
644 1691 729 1768 aquis
750 1689 917 1808 superfusis

24 1827 26 1834 .
85 1770 289 1830 inundaretur.

32 1875 34 1878 ·
127 1850 211 1910 Turn
236 1851 419 1921 Robinr0n‚'
411 1869 440 1910 m
452 1853 507 1910 hac
520 1849 666 1908 malorum
683 1852 821 1926 ambage,
844 1849 916 1926 quid

86 1929 193 2024 fugiat,
207 1932 277 2023 quid
291 1944 373 2024 petat
387 1933 529 1999 incertus,
541 1930 644 2004 aegre
637 1949 665 1988 tn
675 1933 812 2002 arborem
825 1947 857 1986 sc
870 1947 915 1987 re·

86 2011 170 2086 cipit;
196 2011 300 2069 miseri
322 2024 423 2070 autent
446 2011 549 2070 Latnae
572 2013 717 2068 undarum
742 2023 817 2070 aestu
841 2009 917 2068 abri-

86 2092 219 2166 piuntur:
240 2090 329 2149 eheu!
352 2089 442 2165 quam
455 2091 585 2166 graviter
596 2093 715 2148 illorum
732 2089 916 2168 ejulatuum

86 2190 155 2231 mus
171 2170 239 2248 ejus
254 2169 436 2230 vulneratur!
480 2167 579 2244 Quam
595 2172 685 2226 vellet
701 2189 755 2228 suo
770 2189 822 2227 eos
838 2169 915 2245 peri·

85 2253 155 2310 culo
171 2249 556 2320 servare‚nis1''fluotuum
549 2262 664 2326 tmpetu
678 2248 798 2328 longius
810 2253 916 2326 abrep-

84 2329 260 2388 tifuissent!

125 2409 234 2468 Saeviit
256 2423 344 2468 terrae
366 2411 575 2468 motusadhuc
591 2407 758 2486 paulultlnu
781 2418 846 2467 turn
868 2426 915 2466 re·

83 2489 171 2564 pente
186 2489 286 2548 omnia
308 2490 404 2558 silent,
423 2491 501 2547 venti
524 2491 668 2556 residunt;
692 2489 788 2546 hiatus
810 2489 913 2564 ignem

82 2587 224 2626 evomere
239 2569 357 2636 desinit,
367 2569 469 2645 fragor
484 2567 697 2626 subterraneus
711 2581 818 2633 cessat,
835 2569 914 2629 coelo

81 2648 158 2705 redit
177 2648 298 2721 pristina
315 2650 468 2716 serenitas,
491 2647 588 2706 omnis
603 2647 692 2706 etiam
708 2667 785 2724 aqua
799 2649 913 2724 exiguo

81 2729 228 2802 temporis
243 2728 339 2802 spatio
351 2727 454 2785 effluit

20 2811 25 2818 “
119 2810 273 2863 Robinson
296 2825 336 2864 ex
358 2807 490 2864 arbore
484 2825 512 2862 ιιι
537 2825 629 2881 quarn
653 2803 838 2881 perfugerat,
861 2801 912 2856 de-

79 2886 207 2954 seendiu
224 2887 276 2944 sed
292 2886 423 2943 animum
447 2903 529 2942 curae
551 2889 719 2941 obruerant.
763 2881 913 2952 Spelunca

79 2983 151 3040 quae
167 2969 232 3025 sola
246 2967 305 3023 huc
315 2981 412 3040 usque
422 2975 521 3023 tutum
535 2964 593 3040 ipsi
609 2962 762 3035 refugium
774 2957 892 3030 praebu
