2048 3288
325 175 479 216 nosrusou
502 171 677 217 onusouus.
881 163 919 218 tt

80 262 177 338 pictae
194 265 345 326 coloribus
359 283 482 323 carmen
496 267 639 323 canebant
655 262 846 334 matutinum,
868 283 920 324 au·

80 361 184 402 rorem
212 349 383 404 salutantes.
425 345 507 403 Puro
530 345 704 420 frigideque
723 362 804 415 aere,
829 345 920 406 flores

81 424 300 484 suavissimum
314 427 438 482 odorem
453 427 638 483 exhalabant.
714 433 727 444 '

128 505 278 561 Robinson
294 505 397 584 gaudii
410 517 440 562 et
456 504 646 580 gratitudinis
659 521 747 562 sensu
767 503 919 582 perlususe

84 583 147 640 llic
162 603 294 660 quoque,
310 585 361 654 ait,
383 584 431 642 bic
448 585 536 642 Deus
552 603 585 643 se
600 583 850 659 benignissimum
867 588 919 644 de·

82 663 188 722 clarat.
231 665 313 725 Tum
338 683 443 724 vocem
467 665 533 740 ipse
549 683 636 722 suam
658 664 793 722 cantibus
817 666 920 726 arium

81 744 217 814 miscuit,
233 749 381 823 verbaque
396 743 503 803 cecinit
520 763 590 821 quae
606 744 702 819 pietas
724 748 919 821 suggerebat.

124 822 204 882 Ctlnr
223 828 374 883 Rohtncon
388 823 406 883 d
418 825 522 884 bestiis
533 824 665 901 ferisque
677 823 850 885 hominibus
864 825 920 884 sibi

80 915 222 962 metuere
236 925 293 963 non
305 905 453 971 desiisset,
464 905 492 962 in
504 905 611 964 itinere
622 906 722 980 sylvas
733 905 919 983 dumetaque

81 983 189 1040 seduld
207 987 327 1053 vitabat,
352 1003 387 1043 ea
402 995 502 1042 autem
520 987 637 1060 petebat
658 987 724 1042 loca
750 983 800 1044 ubi
825 986 919 1062 quam

81 1061 229 1152 latissime
258 1077 374 1140 pateret
404 1077 595 1140 prospectus.
646 1065 701 1122 llla
729 1076 830 1124 autern
854 1066 919 1142 ipsa

82 1157 167 1201 erant
184 1145 317 1208 maxime
332 1146 411 1204 nuda
433 1145 616 1221 steriliaque.
658 1143 806 1217 Quamvis
824 1146 919 1222 igitur

82 1223 156 1281 satis
172 1227 296 1300 longum
311 1227 443 1302 spatium
459 1243 604 1284 emensus
617 1237 707 1292 esset,
728 1224 801 1284 nibil
817 1237 919 1286 tamen

81 1302 239 1364 invenerat
262 1307 341 1382 quod
366 1306 422 1365 sibi
448 1305 548 1382 aliqua
571 1325 611 1362 ex
639 1316 724 1381 parte
749 1307 918 1380 prodesset.

82 1381 221 1443 Tandem
236 1386 265 1444 iu
279 1385 418 1444 fruticem
442 1385 546 1442 incidit
559 1403 651 1461 quem
672 1384 843 1445 accuratius
864 1405 919 1446 ex·

82 1465 262 1539 plorandum
278 1469 403 1525 censuit.
447 1465 541 1524 Erant
563 1467 664 1524 herbae
679 1476 741 1524 tam
761 1467 862 1526 densae
885 1476 919 1526 ut

83 1547 232 1619 sylvulam
248 1545 405 1624 referrent,
421 1546 488 1604 aliae
501 1545 591 1604 flores
606 1547 780 1612 subrubros,
792 1545 860 1606 aliae
876 1548 918 1605 al·

82 1623 227 1694 bicantes,
242 1631 391 1685 nonnullae
409 1627 517 1684 domm
538 1627 604 1682 loco
617 1644 707 1701 poma
722 1626 826 1686 viridia
840 1625 918 1685 sere·

82 1705 161 1764 bant.
207 1703 372 1781 Extempld
393 1707 494 1783 itaque
510 1718 609 1782 gustat
633 1725 727 1766 unum
742 1726 782 1765 ex
798 1707 845 1778 iis,
864 1708 918 1766 sed

83 1798 146 1844 erat
171 1783 245 1844 aded
272 1789 415 1846 acerbum
442 1800 475 1845 ut
496 1788 668 1862 indignatus
691 1787 816 1863 stirpem
840 1789 917 1846 unde
975 1843 980 1855 ,
1006 1853 1007 1856 Ἴ

82 1863 162 1925 istud
188 1868 390 1941 decerpserat,
406 1869 549 1925 evulserit
601 1865 775 1926 'l'umderb
797 1868 918 1928 miranti

83 1960 287 2018 apparuerunt
302 1949 459 2007 tubercula
474 1948 602 2006 diversae
617 1948 832 2023 magnitudinis
846 1966 916 2024 quae

18 2073 34 2087 .
82 2026 119 2082 ab
134 2026 207 2100 ipsis·
223 2027 360 2102 stirpium
376 2031 425 2086 rad
439 2032 525 2086 cibus
540 2029 715 2103 pendebant.
747 2028 916 2087 Confestim
991 2081 1001 2092 ,

83 2103 206 2182 qudque
220 2107 415 2177 existimavit,
436 2109 491 2167 ista
507 2111 577 2166 vere*
602 2126 668 2166 esse
695 2109 802 2182 plantae
828 2109 916 2168 istius

82 2183 141 2242 lrus
151 2199 207 2252 tus,
222 2205 318 2264 eaque
330 2187 479 2247 curiosius
494 2189 683 2246 considerare
697 2189 799 2264 coepit.
834 2187 916 2248 Cdm
977 2207 981 2212 ’

83 2259 153 2324 verb
172 2267 267 2341 ipsius
283 2272 380 2342 palato
396 2267 518 2328 minime
534 2268 682 2326 arrisisset
697 2288 795 2344 sapor,
807 2269 870 2346 jam
885 2269 916 2328 in

82 2363 119 2402 eo
134 2360 197 2403 crat
212 2362 244 2405 ut
259 2349 316 2406 ista
334 2351 432 2408 omnia
447 2349 601 2428 abjiceret,
615 2347 684 2406 ctltn
703 2368 808 2416 secum
826 2367 915 2423 repu-

81 2427 166 2493 tavit,
189 2445 245 2484 non
260 2447 295 2485 ea
315 2447 381 2486 csse
397 2431 511 2488 inutilia
526 2427 646 2488 omnind
672 2431 816 2498 habenda,
841 2449 915 2504 quo-

82 2523 149 2564 rum
166 2524 240 2564 usus
255 2507 351 2581 primo
367 2515 464 2568 statim
480 2516 605 2585 aspectu
627 2508 755 2584 intelligi
769 2529 827 2568 non
846 2528 916 2584 pos·

82 2586 128 2644 sit.
172 2588 277 2664 ltaque
291 2591 438 2648 nonnullis
450 2591 605 2649 tuberibus
616 2589 645 2646 in
658 2608 760 2664 peram
774 2591 916 2651 demissis

82 2669 232 2723 Robinson
248 2671 367 2745 longuis
383 2671 585 2746 progreditur,
600 2673 679 2726 lento
693 2679 792 2728 tamen
819 2671 915 2750 gradu

82 2759 110 2806 et
128 2748 259 2806 maxime
274 2763 369 2806 cauto.
414 2753 446 2807 Si
460 2751 507 2807 vel
520 2750 678 2806 minimum
691 2749 850 2823 strepitum
863 2764 916 2802 au·

33 2829 35 2836 ’
82 2827 156 2884 diret
172 2830 375 2894 dumetorum,
401 2845 452 2888 aut
467 2832 608 2888 arborum
631 2845 706 2902 quas
728 2843 798 2882 aura
821 2821 915 2892 agita-

82 2907 139 2974 bat,
164 2908 303 2966 cutttinud
328 2910 458 2966 securim
475 2909 628 2982 corripere
645 2909 705 2980 qut.
721 2921 753 2958 se
775 2899 916 2954 defende·

82 2999 136 3058 “³¹3
159 3005 283 3064 sempe,
303 3002 407 3048 autern
421 3005 478 3048 non·
496 2989 560 3046 sine
576 2984 687 3062 gaudio
707 2974 914 3070 animadvers*
