<?xml version="1.0" encoding="UTF-8"?>
<!DOCTYPE html PUBLIC "-//W3C//DTD XHTML 1.0 Transitional//EN"
    "http://www.w3.org/TR/xhtml1/DTD/xhtml1-transitional.dtd">
<html xmlns="http://www.w3.org/1999/xhtml" xml:lang="en" lang="en">
 <head>
  <title>
</title>
<meta http-equiv="Content-Type" content="text/html;charset=utf-8" />
  <meta name='ocr-system' content='tesseract 3.04.00' />
  <meta name='ocr-capabilities' content='ocr_page ocr_carea ocr_par ocr_line ocrx_word'/>
</head>
<body>
  <div class='ocr_page' id='page_1' title='image "./robinsoncrusous00goffgoog_0013.png"; bbox 0 0 2048 3288; ppageno 0'>
   <div class='ocr_carea' id='block_1_1' title="bbox 350 205 1006 266">
    <p class='ocr_par' dir='ltr' id='par_1_1' title="bbox 350 205 1006 266">
     <span class='ocr_line' id='line_1_1' title="bbox 350 205 1006 266; baseline -0.006 0"><span class='ocrx_word' id='word_1_1' title='bbox 350 221 507 266; x_wconf 70' lang='lat' dir='ltr'>corisson</span> <span class='ocrx_word' id='word_1_2' title='bbox 521 219 692 264; x_wconf 75' lang='lat' dir='ltr'>oaosonos.</span> <span class='ocrx_word' id='word_1_3' title='bbox 888 206 890 219; x_wconf 88' lang='lat'>&#39;</span> <span class='ocrx_word' id='word_1_4' title='bbox 922 205 941 262; x_wconf 79' lang='lat' dir='ltr'>i</span> <span class='ocrx_word' id='word_1_5' title='bbox 1004 207 1006 216; x_wconf 66' lang='lat'><strong><em>⁴</em></strong></span> 
     </span>
    </p>
   </div>
   <div class='ocr_carea' id='block_1_2' title="bbox 17 313 943 547">
    <p class='ocr_par' dir='ltr' id='par_1_2' title="bbox 17 313 943 547">
     <span class='ocr_line' id='line_1_2' title="bbox 17 313 943 396; baseline -0.005 -17"><span class='ocrx_word' id='word_1_6' title='bbox 17 373 29 396; x_wconf 63' lang='grc'>,,</span> <span class='ocrx_word' id='word_1_7' title='bbox 153 321 306 378; x_wconf 69' lang='lat' dir='ltr'>Robinson</span> <span class='ocrx_word' id='word_1_8' title='bbox 326 329 428 376; x_wconf 81' lang='lat' dir='ltr'>noster</span> <span class='ocrx_word' id='word_1_9' title='bbox 448 333 481 374; x_wconf 88' lang='lat' dir='ltr'>re</span> <span class='ocrx_word' id='word_1_10' title='bbox 503 313 659 390; x_wconf 72' lang='lat' dir='ltr'>paululum</span> <span class='ocrx_word' id='word_1_11' title='bbox 674 314 849 383; x_wconf 69' lang='lat' dir='ltr'>deliberati,</span> <span class='ocrx_word' id='word_1_12' title='bbox 861 313 943 374; x_wconf 91' lang='lat' dir='ltr'>illico</span> 
     </span>
     <span class='ocr_line' id='line_1_3' title="bbox 17 395 942 476; baseline -0.005 -15"><span class='ocrx_word' id='word_1_13' title='bbox 17 417 18 420; x_wconf 73' lang='grc'>’</span> <span class='ocrx_word' id='word_1_14' title='bbox 111 419 235 460; x_wconf 84' lang='lat' dir='ltr'>manum</span> <span class='ocrx_word' id='word_1_15' title='bbox 251 419 322 457; x_wconf 91' lang='lat' dir='ltr'>cum</span> <span class='ocrx_word' id='word_1_16' title='bbox 337 401 431 456; x_wconf 87' lang='lat' dir='ltr'>altero</span> <span class='ocrx_word' id='word_1_17' title='bbox 444 396 587 476; x_wconf 74' lang='lat' dir='ltr'>jungens,¹</span> <span class='ocrx_word' id='word_1_18' title='bbox 599 395 700 469; x_wconf 71' lang='lat' dir='ltr'>Euge,</span> <span class='ocrx_word' id='word_1_19' title='bbox 710 415 729 454; x_wconf 89' lang='lat' dir='ltr'>o</span> <span class='ocrx_word' id='word_1_20' title='bbox 742 397 828 465; x_wconf 90' lang='lat' dir='ltr'>bone,</span> <span class='ocrx_word' id='word_1_21' title='bbox 839 398 942 456; x_wconf 84' lang='lat' dir='ltr'>excla-</span> 
     </span>
     <span class='ocr_line' id='line_1_4' title="bbox 25 473 940 547; baseline -0.003 -7"><span class='ocrx_word' id='word_1_22' title='bbox 25 481 29 490; x_wconf 83' lang='lat'><em>&#39;</em></span> <span class='ocrx_word' id='word_1_23' title='bbox 112 481 185 540; x_wconf 80' lang='lat' dir='ltr'>mat!</span> <span class='ocrx_word' id='word_1_24' title='bbox 207 479 255 538; x_wconf 92' lang='lat' dir='ltr'>ibo</span> <span class='ocrx_word' id='word_1_25' title='bbox 265 492 379 547; x_wconf 87' lang='lat' dir='ltr'>tecum,</span> <span class='ocrx_word' id='word_1_26' title='bbox 400 477 453 535; x_wconf 85' lang='lat' dir='ltr'>aed</span> <span class='ocrx_word' id='word_1_27' title='bbox 469 473 625 534; x_wconf 78' lang='lat' dir='ltr'>confestim</span> <span class='ocrx_word' id='word_1_28' title='bbox 639 487 747 536; x_wconf 77' lang='lat' dir='ltr'>navem</span> <span class='ocrx_word' id='word_1_29' title='bbox 761 480 940 537; x_wconf 83' lang='lat' dir='ltr'>conscenda·</span> 
     </span>
    </p>
   </div>
   <div class='ocr_carea' id='block_1_3' title="bbox 17 555 943 716">
    <p class='ocr_par' dir='ltr' id='par_1_3' title="bbox 17 555 943 716">
     <span class='ocr_line' id='line_1_5' title="bbox 17 555 943 636; baseline -0.005 -16"><span class='ocrx_word' id='word_1_30' title='bbox 17 557 18 564; x_wconf 62' lang='lat'><em>&#39;</em></span> <span class='ocrx_word' id='word_1_31' title='bbox 111 579 190 620; x_wconf 86' lang='lat' dir='ltr'>mus.</span> <span class='ocrx_word' id='word_1_32' title='bbox 224 561 307 618; x_wconf 85' lang='lat' dir='ltr'>Tum</span> <span class='ocrx_word' id='word_1_33' title='bbox 322 559 441 618; x_wconf 89' lang='lat' dir='ltr'>mandat</span> <span class='ocrx_word' id='word_1_34' title='bbox 455 557 575 616; x_wconf 88' lang='lat' dir='ltr'>cuidam</span> <span class='ocrx_word' id='word_1_35' title='bbox 590 567 623 614; x_wconf 89' lang='lat' dir='ltr'>ut</span> <span class='ocrx_word' id='word_1_36' title='bbox 636 555 718 616; x_wconf 80' lang='lat' dir='ltr'>limis</span> <span class='ocrx_word' id='word_1_37' title='bbox 734 557 847 636; x_wconf 83' lang='lat' dir='ltr'>aliquot</span> <span class='ocrx_word' id='word_1_38' title='bbox 860 560 943 634; x_wconf 85' lang='lat' dir='ltr'>elap-</span> 
     </span>
     <span class='ocr_line' id='line_1_6' title="bbox 17 635 943 716; baseline -0.005 -15"><span class='ocrx_word' id='word_1_39' title='bbox 17 709 18 712; x_wconf 8' lang='grc' dir='ltr'><strong>Ἴ</strong></span> <span class='ocrx_word' id='word_1_40' title='bbox 112 641 155 700; x_wconf 82' lang='lat' dir='ltr'>sis</span> <span class='ocrx_word' id='word_1_41' title='bbox 176 651 294 716; x_wconf 76' lang='lat' dir='ltr'>patrem</span> <span class='ocrx_word' id='word_1_42' title='bbox 319 637 473 698; x_wconf 86' lang='lat' dir='ltr'>conveniat</span> <span class='ocrx_word' id='word_1_43' title='bbox 488 648 667 714; x_wconf 79' lang='lat' dir='ltr'>moneatque</span> <span class='ocrx_word' id='word_1_44' title='bbox 691 637 797 706; x_wconf 85' lang='lat' dir='ltr'>lilium,</span> <span class='ocrx_word' id='word_1_45' title='bbox 818 638 854 696; x_wconf 86' lang='lat' dir='ltr'>ad</span> <span class='ocrx_word' id='word_1_46' title='bbox 880 635 943 696; x_wconf 87' lang='lat' dir='ltr'>An·</span> 
     </span>
    </p>
   </div>
   <div class='ocr_carea' id='block_1_4' title="bbox 83 717 944 876">
    <p class='ocr_par' dir='ltr' id='par_1_4' title="bbox 83 717 944 876">
     <span class='ocr_line' id='line_1_7' title="bbox 83 717 942 798; baseline 0 -22"><span class='ocrx_word' id='word_1_47' title='bbox 83 779 88 788; x_wconf 57' lang='grc'><em>,</em></span> <span class='ocrx_word' id='word_1_48' title='bbox 113 721 209 798; x_wconf 82' lang='lat' dir='ltr'>gliam</span> <span class='ocrx_word' id='word_1_49' title='bbox 220 719 403 778; x_wconf 80' lang='lat' dir='ltr'>invisendam</span> <span class='ocrx_word' id='word_1_50' title='bbox 414 719 675 794; x_wconf 80' lang='lat' dir='ltr'>proiectum,mox</span> <span class='ocrx_word' id='word_1_51' title='bbox 687 717 854 778; x_wconf 88' lang='lat' dir='ltr'>rediturum</span> <span class='ocrx_word' id='word_1_52' title='bbox 864 733 942 785; x_wconf 80' lang='lat' dir='ltr'>esse.</span> 
     </span>
     <span class='ocr_line' id='line_1_8' title="bbox 88 797 944 876; baseline -0.001 -17"><span class='ocrx_word' id='word_1_53' title='bbox 88 801 234 872; x_wconf 86' lang='lat' dir='ltr'><strong>-Quibus</strong></span> <span class='ocrx_word' id='word_1_54' title='bbox 258 798 398 876; x_wconf 76' lang='lat' dir='ltr'><strong>peractis,</strong></span> <span class='ocrx_word' id='word_1_55' title='bbox 422 800 511 858; x_wconf 88' lang='lat' dir='ltr'>ambo</span> <span class='ocrx_word' id='word_1_56' title='bbox 532 797 649 858; x_wconf 82' lang='lat' dir='ltr'>sodales</span> <span class='ocrx_word' id='word_1_57' title='bbox 672 815 779 860; x_wconf 81' lang='lat' dir='ltr'>navem</span> <span class='ocrx_word' id='word_1_58' title='bbox 800 817 944 858; x_wconf 86' lang='lat' dir='ltr'>conscen-</span> 
     </span>
    </p>
   </div>
   <div class='ocr_carea' id='block_1_5' title="bbox 17 881 195 966">
    <p class='ocr_par' dir='ltr' id='par_1_5' title="bbox 17 881 195 966">
     <span class='ocr_line' id='line_1_9' title="bbox 17 881 195 966; baseline -0.017 -27"><span class='ocrx_word' id='word_1_59' title='bbox 17 891 19 966; x_wconf 77' lang='lat' dir='ltr'>J</span> <span class='ocrx_word' id='word_1_60' title='bbox 112 881 195 939; x_wconf 90' lang='lat' dir='ltr'>dunt.</span> 
     </span>
    </p>
   </div>
   <div class='ocr_carea' id='block_1_6' title="bbox 111 958 944 1278">
    <p class='ocr_par' dir='ltr' id='par_1_6' title="bbox 111 958 944 1278">
     <span class='ocr_line' id='line_1_10' title="bbox 154 958 944 1036; baseline 0 -17"><span class='ocrx_word' id='word_1_61' title='bbox 154 961 223 1019; x_wconf 83' lang='lat' dir='ltr'>Nec</span> <span class='ocrx_word' id='word_1_62' title='bbox 235 958 335 1018; x_wconf 81' lang='lat' dir='ltr'>multd</span> <span class='ocrx_word' id='word_1_63' title='bbox 349 969 418 1036; x_wconf 83' lang='lat' dir='ltr'>post</span> <span class='ocrx_word' id='word_1_64' title='bbox 430 971 530 1022; x_wconf 89' lang='lat' dir='ltr'>nautae</span> <span class='ocrx_word' id='word_1_65' title='bbox 551 960 669 1019; x_wconf 81' lang='lat' dir='ltr'>solvunt</span> <span class='ocrx_word' id='word_1_66' title='bbox 688 959 844 1027; x_wconf 85' lang='lat' dir='ltr'>anchoras,</span> <span class='ocrx_word' id='word_1_67' title='bbox 862 959 944 1019; x_wconf 88' lang='lat' dir='ltr'>vela·</span> 
     </span>
     <span class='ocr_line' id='line_1_11' title="bbox 112 1039 943 1117; baseline 0 -19"><span class='ocrx_word' id='word_1_68' title='bbox 112 1058 173 1117; x_wconf 87' lang='lat' dir='ltr'>que</span> <span class='ocrx_word' id='word_1_69' title='bbox 190 1053 278 1112; x_wconf 80' lang='lat' dir='ltr'>¹vento</span> <span class='ocrx_word' id='word_1_70' title='bbox 290 1041 455 1099; x_wconf 86' lang='lat' dir='ltr'>intendunt.</span> <span class='ocrx_word' id='word_1_71' title='bbox 479 1041 574 1100; x_wconf 78' lang='lat' dir='ltr'>Navio</span> <span class='ocrx_word' id='word_1_72' title='bbox 583 1041 632 1117; x_wconf 82' lang='lat' dir='ltr'>agi</span> <span class='ocrx_word' id='word_1_73' title='bbox 642 1039 754 1115; x_wconf 83' lang='lat' dir='ltr'>incipit,</span> <span class='ocrx_word' id='word_1_74' title='bbox 762 1043 943 1098; x_wconf 80' lang='lat' dir='ltr'>navarchus·</span> 
     </span>
     <span class='ocr_line' id='line_1_12' title="bbox 111 1119 944 1198; baseline 0.001 -20"><span class='ocrx_word' id='word_1_75' title='bbox 111 1139 172 1198; x_wconf 88' lang='lat' dir='ltr'>que</span> <span class='ocrx_word' id='word_1_76' title='bbox 187 1121 283 1179; x_wconf 83' lang='lat' dir='ltr'>tribus</span> <span class='ocrx_word' id='word_1_77' title='bbox 298 1121 434 1196; x_wconf 82' lang='lat' dir='ltr'>explosis</span> <span class='ocrx_word' id='word_1_78' title='bbox 447 1121 603 1180; x_wconf 80' lang='lat' dir='ltr'>tormentis</span> <span class='ocrx_word' id='word_1_79' title='bbox 616 1119 743 1186; x_wconf 84' lang='lat' dir='ltr'>bellicis,</span> <span class='ocrx_word' id='word_1_80' title='bbox 754 1119 820 1178; x_wconf 89' lang='lat' dir='ltr'>urbi</span> <span class='ocrx_word' id='word_1_81' title='bbox 833 1120 944 1179; x_wconf 84' lang='lat' dir='ltr'>valedi-</span> 
     </span>
     <span class='ocr_line' id='line_1_13' title="bbox 113 1199 944 1278; baseline 0 -20"><span class='ocrx_word' id='word_1_82' title='bbox 113 1201 154 1258; x_wconf 88' lang='lat' dir='ltr'>cit</span> <span class='ocrx_word' id='word_1_83' title='bbox 205 1202 308 1259; x_wconf 79' lang='lat' dir='ltr'>Stabat</span> <span class='ocrx_word' id='word_1_84' title='bbox 323 1203 474 1258; x_wconf 73' lang='lat' dir='ltr'>Robinson</span> <span class='ocrx_word' id='word_1_85' title='bbox 488 1202 518 1260; x_wconf 92' lang='lat' dir='ltr'>in</span> <span class='ocrx_word' id='word_1_86' title='bbox 531 1203 620 1277; x_wconf 65' lang='lat' dir='ltr'>stege</span> <span class='ocrx_word' id='word_1_87' title='bbox 632 1210 662 1257; x_wconf 91' lang='lat' dir='ltr'>et</span> <span class='ocrx_word' id='word_1_88' title='bbox 683 1199 734 1258; x_wconf 80' lang='lat' dir='ltr'>vix</span> <span class='ocrx_word' id='word_1_89' title='bbox 750 1218 944 1278; x_wconf 85' lang='lat' dir='ltr'>praeconcep·</span> 
     </span>
    </p>
   </div>
   <div class='ocr_carea' id='block_1_7' title="bbox 17 1279 837 1356">
    <p class='ocr_par' dir='ltr' id='par_1_7' title="bbox 17 1279 837 1356">
     <span class='ocr_line' id='line_1_14' title="bbox 17 1279 837 1356; baseline -0.002 -16"><span class='ocrx_word' id='word_1_90' title='bbox 17 1321 34 1338; x_wconf 17' lang='grc' dir='ltr'>η.</span> <span class='ocrx_word' id='word_1_91' title='bbox 112 1289 176 1340; x_wconf 83' lang='lat' dir='ltr'>tam</span> <span class='ocrx_word' id='word_1_92' title='bbox 189 1297 229 1339; x_wconf 82' lang='lat' dir='ltr'>ex</span> <span class='ocrx_word' id='word_1_93' title='bbox 244 1293 343 1356; x_wconf 86' lang='lat' dir='ltr'>optato</span> <span class='ocrx_word' id='word_1_94' title='bbox 357 1279 408 1340; x_wconf 87' lang='lat' dir='ltr'>ditl</span> <span class='ocrx_word' id='word_1_95' title='bbox 422 1281 527 1340; x_wconf 84' lang='lat' dir='ltr'>itinere</span> <span class='ocrx_word' id='word_1_96' title='bbox 542 1281 837 1355; x_wconf 85' lang='lat' dir='ltr'>laetitiam&#39;capiebat.</span> 
     </span>
    </p>
   </div>
   <div class='ocr_carea' id='block_1_8' title="bbox 62 1359 947 2320">
    <p class='ocr_par' dir='ltr' id='par_1_8' title="bbox 62 1359 947 1996">
     <span class='ocr_line' id='line_1_15' title="bbox 155 1359 945 1437; baseline 0.001 -18"><span class='ocrx_word' id='word_1_97' title='bbox 155 1361 278 1420; x_wconf 89' lang='lat' dir='ltr'>Coelum</span> <span class='ocrx_word' id='word_1_98' title='bbox 291 1379 434 1421; x_wconf 86' lang='lat' dir='ltr'>serenum</span> <span class='ocrx_word' id='word_1_99' title='bbox 445 1373 517 1426; x_wconf 83' lang='lat' dir='ltr'>erat,</span> <span class='ocrx_word' id='word_1_100' title='bbox 528 1373 695 1437; x_wconf 86' lang='lat' dir='ltr'>ventusque</span> <span class='ocrx_word' id='word_1_101' title='bbox 706 1359 781 1420; x_wconf 81' lang='lat' dir='ltr'>aded</span> <span class='ocrx_word' id='word_1_102' title='bbox 793 1361 945 1420; x_wconf 87' lang='lat' dir='ltr'>secundus</span> 
     </span>
     <span class='ocr_line' id='line_1_16' title="bbox 113 1439 946 1518; baseline -0.002 -18"><span class='ocrx_word' id='word_1_103' title='bbox 113 1452 148 1500; x_wconf 87' lang='lat' dir='ltr'>ut</span> <span class='ocrx_word' id='word_1_104' title='bbox 161 1441 247 1499; x_wconf 85' lang='lat' dir='ltr'>brevi</span> <span class='ocrx_word' id='word_1_105' title='bbox 264 1443 478 1518; x_wconf 82' lang='lat' dir='ltr'>Hambnrgum</span> <span class='ocrx_word' id='word_1_106' title='bbox 499 1439 517 1500; x_wconf 78' lang='grc' dir='ltr'>ὲ</span> <span class='ocrx_word' id='word_1_107' title='bbox 539 1453 702 1517; x_wconf 87' lang='lat' dir='ltr'>conspectu</span> <span class='ocrx_word' id='word_1_108' title='bbox 718 1442 891 1500; x_wconf 84' lang='lat' dir='ltr'>abeuntium</span> <span class='ocrx_word' id='word_1_109' title='bbox 912 1457 946 1498; x_wconf 88' lang='lat' dir='ltr'>se</span> 
     </span>
     <span class='ocr_line' id='line_1_17' title="bbox 115 1520 947 1600; baseline 0.004 -22"><span class='ocrx_word' id='word_1_110' title='bbox 115 1521 304 1580; x_wconf 86' lang='lat' dir='ltr'>subduxerit.</span> <span class='ocrx_word' id='word_1_111' title='bbox 347 1523 472 1581; x_wconf 70' lang='lat' dir='ltr'>Posteri</span> <span class='ocrx_word' id='word_1_112' title='bbox 490 1522 549 1592; x_wconf 90' lang='lat' dir='ltr'>die,</span> <span class='ocrx_word' id='word_1_113' title='bbox 567 1521 631 1600; x_wconf 84' lang='lat' dir='ltr'>jam</span> <span class='ocrx_word' id='word_1_114' title='bbox 653 1520 689 1579; x_wconf 79' lang='lat' dir='ltr'>ed</span> <span class='ocrx_word' id='word_1_115' title='bbox 703 1523 881 1584; x_wconf 80' lang='lat' dir='ltr'>devenerant</span> <span class='ocrx_word' id='word_1_116' title='bbox 895 1521 947 1581; x_wconf 87' lang='lat' dir='ltr'>ubi</span> 
     </span>
     <span class='ocr_line' id='line_1_18' title="bbox 113 1601 946 1676; baseline 0.002 -18"><span class='ocrx_word' id='word_1_117' title='bbox 113 1601 203 1658; x_wconf 88' lang='lat' dir='ltr'>Albis</span> <span class='ocrx_word' id='word_1_118' title='bbox 215 1601 245 1660; x_wconf 90' lang='lat' dir='ltr'>in</span> <span class='ocrx_word' id='word_1_119' title='bbox 257 1621 340 1660; x_wconf 84' lang='lat' dir='ltr'>marc</span> <span class='ocrx_word' id='word_1_120' title='bbox 354 1601 459 1674; x_wconf 85' lang='lat' dir='ltr'>effluit,</span> <span class='ocrx_word' id='word_1_121' title='bbox 469 1613 500 1660; x_wconf 88' lang='lat' dir='ltr'>ct</span> <span class='ocrx_word' id='word_1_122' title='bbox 512 1619 592 1661; x_wconf 89' lang='lat' dir='ltr'>nunc</span> <span class='ocrx_word' id='word_1_123' title='bbox 603 1603 697 1660; x_wconf 81' lang='lat' dir='ltr'>altum</span> <span class='ocrx_word' id='word_1_124' title='bbox 711 1611 822 1661; x_wconf 83' lang='lat' dir='ltr'>tenent.</span> <span class='ocrx_word' id='word_1_125' title='bbox 843 1603 946 1676; x_wconf 84' lang='lat' dir='ltr'>Quan-</span> 
     </span>
     <span class='ocr_line' id='line_1_19' title="bbox 112 1679 947 1762; baseline 0.002 -22"><span class='ocrx_word' id='word_1_126' title='bbox 112 1683 145 1740; x_wconf 78' lang='lat' dir='ltr'>ti</span> <span class='ocrx_word' id='word_1_127' title='bbox 166 1679 240 1762; x_wconf 79' lang='lat' dir='ltr'>vend</span> <span class='ocrx_word' id='word_1_128' title='bbox 255 1683 404 1738; x_wconf 79' lang='lat' dir='ltr'>Robinson</span> <span class='ocrx_word' id='word_1_129' title='bbox 426 1683 618 1742; x_wconf 73' lang='lat' dir='ltr'>admiratione</span> <span class='ocrx_word' id='word_1_130' title='bbox 631 1681 757 1757; x_wconf 81' lang='lat' dir='ltr'>stupuit,</span> <span class='ocrx_word' id='word_1_131' title='bbox 765 1684 841 1740; x_wconf 86' lang='lat' dir='ltr'>¹cum</span> <span class='ocrx_word' id='word_1_132' title='bbox 854 1682 947 1742; x_wconf 83' lang='lat' dir='ltr'>maris</span> 
     </span>
     <span class='ocr_line' id='line_1_20' title="bbox 112 1759 946 1839; baseline 0.005 -21"><span class='ocrx_word' id='word_1_133' title='bbox 112 1761 348 1821; x_wconf 82' lang='lat' dir='ltr'>immensitatem</span> <span class='ocrx_word' id='word_1_134' title='bbox 369 1763 498 1832; x_wconf 86' lang='lat' dir='ltr'>intuens,</span> <span class='ocrx_word' id='word_1_135' title='bbox 519 1759 611 1839; x_wconf 69' lang='lat' dir='ltr'>cupri</span> <span class='ocrx_word' id='word_1_136' title='bbox 624 1782 657 1822; x_wconf 85' lang='lat' dir='ltr'>se</span> <span class='ocrx_word' id='word_1_137' title='bbox 671 1761 870 1839; x_wconf 86' lang='lat' dir='ltr'>nihil&#39;praeter</span> <span class='ocrx_word' id='word_1_138' title='bbox 884 1781 946 1822; x_wconf 87' lang='lat' dir='ltr'>coe·</span> 
     </span>
     <span class='ocr_line' id='line_1_21' title="bbox 114 1841 945 1920; baseline 0.007 -24"><span class='ocrx_word' id='word_1_139' title='bbox 114 1841 191 1910; x_wconf 89' lang='lat' dir='ltr'>lum,</span> <span class='ocrx_word' id='word_1_140' title='bbox 212 1852 301 1917; x_wconf 88' lang='lat' dir='ltr'>atque</span> <span class='ocrx_word' id='word_1_141' title='bbox 322 1843 395 1900; x_wconf 89' lang='lat' dir='ltr'>nihil</span> <span class='ocrx_word' id='word_1_142' title='bbox 417 1855 494 1913; x_wconf 81' lang='lat' dir='ltr'>ente,</span> <span class='ocrx_word' id='word_1_143' title='bbox 514 1861 602 1920; x_wconf 84' lang='lat' dir='ltr'>pone,</span> <span class='ocrx_word' id='word_1_144' title='bbox 622 1842 703 1902; x_wconf 82' lang='lat' dir='ltr'>circu</span> <span class='ocrx_word' id='word_1_145' title='bbox 717 1860 751 1900; x_wconf 84' lang='lat' dir='ltr'>se</span> <span class='ocrx_word' id='word_1_146' title='bbox 766 1844 821 1902; x_wconf 78' lang='lat' dir='ltr'>nisi</span> <span class='ocrx_word' id='word_1_147' title='bbox 835 1861 945 1920; x_wconf 83' lang='lat' dir='ltr'>aquam</span> 
     </span>
     <span class='ocr_line' id='line_1_22' title="bbox 62 1921 503 1996; baseline 0.005 -18"><span class='ocrx_word' id='word_1_148' title='bbox 62 1945 67 1954; x_wconf 67' lang='grc'><strong><em>’</em></strong></span> <span class='ocrx_word' id='word_1_149' title='bbox 112 1921 281 1996; x_wconf 79' lang='lat' dir='ltr'>conspexit!</span> <span class='ocrx_word' id='word_1_150' title='bbox 499 1989 503 1995; x_wconf 43' lang='lat'>‚</span> 
     </span>
    </p>

    <p class='ocr_par' dir='ltr' id='par_1_9' title="bbox 113 2000 946 2320">
     <span class='ocr_line' id='line_1_23' title="bbox 116 2000 946 2079; baseline 0.004 -21"><span class='ocrx_word' id='word_1_151' title='bbox 116 2029 119 2034; x_wconf 95' lang='lat'>·</span> <span class='ocrx_word' id='word_1_152' title='bbox 155 2001 224 2059; x_wconf 87' lang='lat' dir='ltr'>Fuit</span> <span class='ocrx_word' id='word_1_153' title='bbox 245 2019 301 2077; x_wconf 83' lang='lat' dir='ltr'>per</span> <span class='ocrx_word' id='word_1_154' title='bbox 319 2002 446 2062; x_wconf 92' lang='lat' dir='ltr'>biduum</span> <span class='ocrx_word' id='word_1_155' title='bbox 467 2019 519 2060; x_wconf 83' lang='lat' dir='ltr'>aer</span> <span class='ocrx_word' id='word_1_156' title='bbox 539 2019 674 2072; x_wconf 82' lang='lat' dir='ltr'>serenus,</span> <span class='ocrx_word' id='word_1_157' title='bbox 686 2011 854 2079; x_wconf 83' lang='lat' dir='ltr'>ventusque</span> <span class='ocrx_word' id='word_1_158' title='bbox 867 2000 946 2061; x_wconf 75' lang='lat' dir='ltr'>betti</span> 
     </span>
     <span class='ocr_line' id='line_1_24' title="bbox 113 2079 945 2157; baseline 0.004 -17"><span class='ocrx_word' id='word_1_159' title='bbox 113 2079 197 2140; x_wconf 82' lang='lat' dir='ltr'>flavit</span> <span class='ocrx_word' id='word_1_160' title='bbox 214 2081 429 2157; x_wconf 82' lang='lat' dir='ltr'>navigantibus.</span> <span class='ocrx_word' id='word_1_161' title='bbox 462 2083 568 2142; x_wconf 88' lang='lat' dir='ltr'>Tertio</span> <span class='ocrx_word' id='word_1_162' title='bbox 582 2093 683 2141; x_wconf 86' lang='lat' dir='ltr'>eutem</span> <span class='ocrx_word' id='word_1_163' title='bbox 699 2083 748 2140; x_wconf 87' lang='lat' dir='ltr'>die</span> <span class='ocrx_word' id='word_1_164' title='bbox 763 2085 876 2143; x_wconf 87' lang='lat' dir='ltr'>coelum</span> <span class='ocrx_word' id='word_1_165' title='bbox 890 2101 945 2142; x_wconf 89' lang='lat' dir='ltr'>nu·</span> 
     </span>
     <span class='ocr_line' id='line_1_25' title="bbox 114 2161 945 2239; baseline 0.002 -21"><span class='ocrx_word' id='word_1_166' title='bbox 114 2161 202 2219; x_wconf 86' lang='lat' dir='ltr'>bibus</span> <span class='ocrx_word' id='word_1_167' title='bbox 224 2161 297 2235; x_wconf 70' lang='lat' dir='ltr'>tegi,</span> <span class='ocrx_word' id='word_1_168' title='bbox 319 2173 488 2239; x_wconf 84' lang='lat' dir='ltr'>ventusque</span> <span class='ocrx_word' id='word_1_169' title='bbox 514 2162 720 2222; x_wconf 83' lang='lat' dir='ltr'>vehementior</span> <span class='ocrx_word' id='word_1_170' title='bbox 747 2181 815 2222; x_wconf 85' lang='lat' dir='ltr'>esse</span> <span class='ocrx_word' id='word_1_171' title='bbox 843 2164 945 2238; x_wconf 81' lang='lat' dir='ltr'>coepit.</span> 
     </span>
     <span class='ocr_line' id='line_1_26' title="bbox 115 2239 946 2320; baseline 0.001 -21"><span class='ocrx_word' id='word_1_172' title='bbox 115 2241 164 2299; x_wconf 86' lang='lat' dir='ltr'>Ac</span> <span class='ocrx_word' id='word_1_173' title='bbox 179 2239 277 2316; x_wconf 82' lang='lat' dir='ltr'>primd</span> <span class='ocrx_word' id='word_1_174' title='bbox 291 2241 414 2319; x_wconf 82' lang='lat' dir='ltr'>fulgura</span> <span class='ocrx_word' id='word_1_175' title='bbox 428 2243 568 2312; x_wconf 86' lang='lat' dir='ltr'>emicant,</span> <span class='ocrx_word' id='word_1_176' title='bbox 588 2243 675 2320; x_wconf 91' lang='lat' dir='ltr'>quasi</span> <span class='ocrx_word' id='word_1_177' title='bbox 696 2253 793 2302; x_wconf 89' lang='lat' dir='ltr'>totum</span> <span class='ocrx_word' id='word_1_178' title='bbox 813 2243 946 2302; x_wconf 78' lang='lat' dir='ltr'>flammis</span> 
     </span>
    </p>
   </div>
   <div class='ocr_carea' id='block_1_9' title="bbox 24 2317 946 2401">
    <p class='ocr_par' dir='ltr' id='par_1_10' title="bbox 24 2317 946 2401">
     <span class='ocr_line' id='line_1_27' title="bbox 24 2317 946 2401; baseline 0.002 -23"><span class='ocrx_word' id='word_1_179' title='bbox 24 2317 36 2326; x_wconf 84' lang='lat'>&#39;</span> <span class='ocrx_word' id='word_1_180' title='bbox 115 2323 229 2379; x_wconf 77' lang='lat' dir='ltr'>coslum</span> <span class='ocrx_word' id='word_1_181' title='bbox 245 2320 372 2382; x_wconf 83' lang='lat' dir='ltr'>arderet.</span> <span class='ocrx_word' id='word_1_182' title='bbox 413 2321 531 2381; x_wconf 73' lang='lat' dir='ltr'>Deinde</span> <span class='ocrx_word' id='word_1_183' title='bbox 544 2322 689 2401; x_wconf 81' lang='lat' dir='ltr'>ingruunt</span> <span class='ocrx_word' id='word_1_184' title='bbox 702 2326 835 2383; x_wconf 85' lang='lat' dir='ltr'>tenebrae</span> <span class='ocrx_word' id='word_1_185' title='bbox 853 2324 946 2381; x_wconf 84' lang='lat' dir='ltr'>veluti</span> 
     </span>
    </p>
   </div>
   <div class='ocr_carea' id='block_1_10' title="bbox 84 2396 951 3119">
    <p class='ocr_par' dir='ltr' id='par_1_11' title="bbox 84 2396 951 3119">
     <span class='ocr_line' id='line_1_28' title="bbox 114 2396 947 2480; baseline 0.002 -21"><span class='ocrx_word' id='word_1_186' title='bbox 114 2401 146 2459; x_wconf 90' lang='lat' dir='ltr'>in</span> <span class='ocrx_word' id='word_1_187' title='bbox 166 2401 310 2460; x_wconf 72' lang='lat' dir='ltr'>altissime</span> <span class='ocrx_word' id='word_1_188' title='bbox 331 2415 429 2472; x_wconf 89' lang='lat' dir='ltr'>noete;</span> <span class='ocrx_word' id='word_1_189' title='bbox 449 2396 578 2462; x_wconf 83' lang='lat' dir='ltr'>tonitru’e</span> <span class='ocrx_word' id='word_1_190' title='bbox 599 2423 671 2464; x_wconf 88' lang='lat' dir='ltr'>cum</span> <span class='ocrx_word' id='word_1_191' title='bbox 693 2401 808 2480; x_wconf 85' lang='lat' dir='ltr'>ingenti</span> <span class='ocrx_word' id='word_1_192' title='bbox 829 2403 947 2480; x_wconf 73' lang='lat' dir='ltr'>fragore</span> 
     </span>
     <span class='ocr_line' id='line_1_29' title="bbox 116 2483 949 2552; baseline 0.005 -14"><span class='ocrx_word' id='word_1_193' title='bbox 116 2483 385 2550; x_wconf 68' lang='lat' dir='ltr'>resonare,¹imber</span> <span class='ocrx_word' id='word_1_194' title='bbox 404 2485 442 2542; x_wconf 84' lang='lat' dir='ltr'>de</span> <span class='ocrx_word' id='word_1_195' title='bbox 463 2487 543 2544; x_wconf 87' lang='lat' dir='ltr'>coelo</span> <span class='ocrx_word' id='word_1_196' title='bbox 564 2489 654 2544; x_wconf 79' lang='lat' dir='ltr'>ruere</span> <span class='ocrx_word' id='word_1_197' title='bbox 681 2484 805 2543; x_wconf 85' lang='lat' dir='ltr'>torrenti</span> <span class='ocrx_word' id='word_1_198' title='bbox 832 2485 949 2552; x_wconf 85' lang='lat' dir='ltr'>similis,</span> 
     </span>
     <span class='ocr_line' id='line_1_30' title="bbox 114 2561 949 2624; baseline 0.002 -6"><span class='ocrx_word' id='word_1_199' title='bbox 114 2577 199 2618; x_wconf 86' lang='lat' dir='ltr'>mare</span> <span class='ocrx_word' id='word_1_200' title='bbox 221 2561 426 2622; x_wconf 85' lang='lat' dir='ltr'>intumescens</span> <span class='ocrx_word' id='word_1_201' title='bbox 439 2564 551 2623; x_wconf 83' lang='lat' dir='ltr'>fluctus</span> <span class='ocrx_word' id='word_1_202' title='bbox 572 2566 662 2624; x_wconf 86' lang='lat' dir='ltr'>ciere.</span> <span class='ocrx_word' id='word_1_203' title='bbox 682 2564 777 2624; x_wconf 87' lang='lat' dir='ltr'>Navis</span> <span class='ocrx_word' id='word_1_204' title='bbox 798 2563 889 2622; x_wconf 73' lang='lat' dir='ltr'>mode</span> <span class='ocrx_word' id='word_1_205' title='bbox 911 2565 949 2622; x_wconf 84' lang='lat' dir='ltr'>ad</span> 
     </span>
     <span class='ocr_line' id='line_1_31' title="bbox 112 2642 947 2721; baseline -0.006 -21"><span class='ocrx_word' id='word_1_206' title='bbox 112 2642 211 2700; x_wconf 85' lang='lat' dir='ltr'>nubes</span> <span class='ocrx_word' id='word_1_207' title='bbox 233 2643 307 2709; x_wconf 89' lang='lat' dir='ltr'>tolli,</span> <span class='ocrx_word' id='word_1_208' title='bbox 330 2642 420 2702; x_wconf 72' lang='lat' dir='ltr'>modii</span> <span class='ocrx_word' id='word_1_209' title='bbox 446 2661 586 2721; x_wconf 76' lang='lat' dir='ltr'>praeceps</span> <span class='ocrx_word' id='word_1_210' title='bbox 607 2644 680 2702; x_wconf 79' lang='lat' dir='ltr'>ferri</span> <span class='ocrx_word' id='word_1_211' title='bbox 697 2645 729 2702; x_wconf 87' lang='lat' dir='ltr'>in</span> <span class='ocrx_word' id='word_1_212' title='bbox 754 2642 947 2718; x_wconf 80' lang='lat' dir='ltr'>profundum.</span> 
     </span>
     <span class='ocr_line' id='line_1_32' title="bbox 84 2720 950 2800; baseline -0.007 -22"><span class='ocrx_word' id='word_1_213' title='bbox 84 2751 86 2758; x_wconf 82' lang='grc'><em>·</em></span> <span class='ocrx_word' id='word_1_214' title='bbox 114 2720 256 2792; x_wconf 83' lang='lat' dir='ltr'>Quantus</span> <span class='ocrx_word' id='word_1_215' title='bbox 271 2721 388 2781; x_wconf 84' lang='lat' dir='ltr'>funium</span> <span class='ocrx_word' id='word_1_216' title='bbox 403 2725 557 2799; x_wconf 77' lang='lat' dir='ltr'>strepitus!</span> <span class='ocrx_word' id='word_1_217' title='bbox 572 2736 701 2800; x_wconf 86' lang='lat' dir='ltr'>quantus</span> <span class='ocrx_word' id='word_1_218' title='bbox 712 2723 742 2782; x_wconf 92' lang='lat' dir='ltr'>in</span> <span class='ocrx_word' id='word_1_219' title='bbox 756 2721 824 2780; x_wconf 80' lang='lat' dir='ltr'>nevi</span> <span class='ocrx_word' id='word_1_220' title='bbox 837 2720 950 2776; x_wconf 87' lang='lat' dir='ltr'>turnul-</span> 
     </span>
     <span class='ocr_line' id='line_1_33' title="bbox 113 2799 950 2881; baseline -0.011 -22"><span class='ocrx_word' id='word_1_221' title='bbox 113 2799 176 2860; x_wconf 87' lang='lat' dir='ltr'>tusl</span> <span class='ocrx_word' id='word_1_222' title='bbox 199 2804 279 2878; x_wconf 89' lang='lat' dir='ltr'>quod</span> <span class='ocrx_word' id='word_1_223' title='bbox 301 2815 406 2862; x_wconf 85' lang='lat' dir='ltr'>nactus</span> <span class='ocrx_word' id='word_1_224' title='bbox 418 2813 482 2862; x_wconf 83' lang='lat' dir='ltr'>eret</span> <span class='ocrx_word' id='word_1_225' title='bbox 495 2804 625 2881; x_wconf 85' lang='lat' dir='ltr'>quisque</span> <span class='ocrx_word' id='word_1_226' title='bbox 637 2801 899 2877; x_wconf 81' lang='lat' dir='ltr'>complectebatur</span> <span class='ocrx_word' id='word_1_227' title='bbox 912 2810 950 2850; x_wconf 88' lang='lat' dir='ltr'>ne</span> 
     </span>
     <span class='ocr_line' id='line_1_34' title="bbox 113 2881 904 2961; baseline 0 -19"><span class='ocrx_word' id='word_1_228' title='bbox 113 2881 300 2960; x_wconf 65' lang='lat' dir='ltr'>dejiceretur</span> <span class='ocrx_word' id='word_1_229' title='bbox 313 2885 389 2960; x_wconf 85' lang='lat' dir='ltr'>ipse.</span> <span class='ocrx_word' id='word_1_230' title='bbox 891 2890 904 2961; x_wconf 72' lang='lat' dir='ltr'>j</span> 
     </span>
     <span class='ocr_line' id='line_1_35' title="bbox 157 2947 951 3034; baseline -0.018 -16"><span class='ocrx_word' id='word_1_231' title='bbox 157 2965 318 3034; x_wconf 77' lang='lat' dir='ltr'>Robinson,</span> <span class='ocrx_word' id='word_1_232' title='bbox 330 2964 468 3024; x_wconf 84' lang='lat' dir='ltr'>insuetus</span> <span class='ocrx_word' id='word_1_233' title='bbox 481 2963 574 3022; x_wconf 84' lang='lat' dir='ltr'>maris</span> <span class='ocrx_word' id='word_1_234' title='bbox 589 2961 776 3021; x_wconf 83' lang='lat' dir='ltr'>adolescens,</span> <span class='ocrx_word' id='word_1_235' title='bbox 797 2947 867 3006; x_wconf 81' lang='lat' dir='ltr'>crim</span> <span class='ocrx_word' id='word_1_236' title='bbox 887 2965 951 3024; x_wconf 80' lang='lat' dir='ltr'>Jac-</span> 
     </span>
     <span class='ocr_line' id='line_1_36' title="bbox 115 3032 885 3119; baseline 0.01 -17"><span class='ocrx_word' id='word_1_237' title='bbox 115 3041 259 3104; x_wconf 85' lang='lat' dir='ltr'>tationem</span> <span class='ocrx_word' id='word_1_238' title='bbox 272 3044 454 3106; x_wconf 85' lang='lat' dir='ltr'>marisserre</span> <span class='ocrx_word' id='word_1_239' title='bbox 465 3061 524 3102; x_wconf 89' lang='lat' dir='ltr'>nun</span> <span class='ocrx_word' id='word_1_240' title='bbox 540 3032 774 3119; x_wconf 54' lang='lat' dir='ltr'>possclsniufflst</span> <span class='ocrx_word' id='word_1_241' title='bbox 793 3041 885 3086; x_wconf 52' lang='grc' dir='ltr'>ΟΜΝ</span> 
     </span>
    </p>
   </div>
   <div class='ocr_carea' id='block_1_11' title="bbox 0 0 1033 3288">
    <p class='ocr_par' dir='ltr' id='par_1_12' title="bbox 0 0 1033 3288">
     <span class='ocr_line' id='line_1_37' title="bbox 0 0 1033 3288; baseline 0 0"><span class='ocrx_word' id='word_1_242' title='bbox 0 0 1033 3288; x_wconf 95' lang='lat' dir='ltr'> </span> 
     </span>
    </p>
   </div>
  </div>
 </body>
</html>
