2048 3288
112 187 149 240 ³0
347 199 508 242 noussen
530 197 703 242 ususosus.
784 189 793 204 '

111 287 212 366 magis
225 289 314 350 etiam
326 292 362 347 ab
375 291 521 350 imbribus
536 291 755 360 defenderetur,
768 301 886 352 tectum
902 311 947 352 ex

111 371 303 428 arundinibus
317 369 455 440 confecit,
465 375 542 428 haud
552 372 700 430 infirmius
709 373 746 430 iis
756 391 825 448 quae
840 377 964 431 culmo·

111 453 191 524 apud
216 468 270 508 nos
294 460 449 526 teguntur.
490 452 566 511 Dies
589 452 743 526 proximos
764 453 846 526 ligna
860 455 945 513 arida

112 531 282 606 colligendo
300 531 469 606 *impende
521 529 604 590 Tdm
632 535 737 590 tubera
772 534 946 592 solariorum

111 609 226 678 effodit,
247 629 302 668 nec
321 629 564 686 parvamkeorum
580 614 693 687 paravit
705 611 834 688 copiam.
866 613 949 686 Qui-

111 691 168 748 bus
182 689 211 748 in
223 693 301 748 cells
316 691 450 760 conditis,
465 692 599 750 decussit
613 710 734 768 quoque
749 693 848 750 omnia
862 693 946 764 mala

112 770 205 829 citrea
231 789 301 847 quae
322 784 440 828 matura
461 784 554 839 erant3
574 769 699 849 jamque
724 774 761 829 de
785 791 841 830 suo
862 773 948 832 victu
1014 768 1015 775 '

111 847 235 908 minime
256 851 313 908 tuit
328 851 483 908 sollicitus.
526 851 636 908 Hiems
658 849 738 921 verb,
754 853 825 909 licet
837 865 950 911 exacto

111 948 216 991 mense
244 931 380 999 Octobri,
406 929 535 988 nondtim
558 942 688 989 venerat.
727 933 829 1006 Coepit
844 931 948 1007 potitis

112 1011 261 1069 continuis
285 1009 432 1069 imbribus
456 1009 497 1068 itai
522 1012 637 1086 pluere,
659 1025 692 1068 ut
714 1016 764 1069 a'dr
789 1011 947 1088 inaquam
987 1033 998 1052 ‘

112 1103 247 1150 mutatus
264 1091 426 1150 videretur.
468 1092 536 1149 Nec
551 1091 623 1150 satis
635 1091 766 1168 liquebat
781 1095 950 1150 Robinsoni

112 1189 253 1246 quaenam
279 1172 370 1249 hujus
392 1172 436 1228 rei
450 1185 531 1229 esset
542 1190 643 1228 causa.
686 1171 869 1239 Quindecim
881 1174 948 1232 dies

89 1253 208 1327 ‚elapsi
229 1262 321 1314 erant,
343 1269 383 1308 ex
411 1268 472 1326 quo
492 1269 549 1308 non
564 1249 683 1324 longius
710 1251 864 1314 domicilio
891 1271 948 1312 suo

113 1348 295 1407 progressus
311 1328 408 1387 fuerat
422 1327 512 1406 quaim
528 1331 564 1388 ad
584 1334 705 1398 cellam,
719 1345 751 1390 ut
767 1332 908 1390 alimenta
917 1343 948 1392 et

113 1428 222 1486 squam
238 1411 294 1469 sibi
308 1411 456 1486 lamisque
471 1420 598 1484 peteret.
640 1411 806 1486 Reliquum
822 1423 947 1489 tempus

112 1509 201 1548 omne
218 1491 311 1549 veluti
326 1491 445 1566 captivo
459 1491 572 1550 homini
586 1491 758 1566 degendum
773 1491 840 1549 suit.

154 1571 253 1630 Eheu!
276 1569 366 1646 quaim
382 1573 464 1628 tarde
479 1582 601 1647 tempus
615 1589 693 1629 nunc
709 1573 874 1628 Rodtrrsonr'
887 1583 949 1632 tra·

113 1647 144 1706 hi
161 1651 259 1709 visum
274 1665 331 1718 cst,
352 1651 425 1708 nihil
439 1653 540 1726 agenti
554 1664 583 1708 et
605 1651 748 1709 solitario!
771 1653 801 1710 N
805 1671 864 1710 unc
879 1672 949 1728 per-

113 1730 215 1804 spexit
239 1727 329 1806 quaim
358 1749 429 1798 vera
452 1743 552 1788 essent
573 1749 642 1806 quae
676 1730 788 1806 saepitls
809 1735 947 1810 magistri

113 1821 332 1886 praeceperant,
359 1827 409 1868 eas
431 1829 505 1885 opes
533 1829 601 1868 esse
623 1813 767 1887 parandas
788 1830 873 1889 quae=
889 1812 947 1874 unci

113 1909 185 1948 cum
197 1889 353 1968 naufragio
365 1891 478 1966 possint
491 1903 619 1949 enatare.

154 1971 182 2028 O
197 1991 245 2028 me
260 1973 289 2030 in
303 1971 430 2047 pueritia
445 1973 583 2041 stultum,
597 1972 788 2042 exclamavit,
803 1973 856 2050 qui
870 1975 945 2036 scri-

112 2053 185 2110 bere
199 2063 251 2109 aut
264 2055 369 2128 legere
385 2054 557 2122 molestum,
577 2051 662 2109 otiari
678 2051 749 2110 verb
775 2053 947 2132 jucundum

113 2132 362 2190 existimaverim!
399 2133 427 2188 Ο
445 2133 557 2191 utinam
579 2149 654 2208 quas
673 2133 746 2190 olim
768 2150 956 2210 aspernatus.

113 2230 183 2272 sum
203 2212 352 2270 doctrinas
375 2211 521 2270 memorial
544 2213 690 2270 tenerem!
714 2209 763 2270 Ex
787 2215 842 2272 hoc
865 2233 947 2291 penu
1001 2245 1005 2256 ι

113 2291 283 2350 domestico
312 2311 391 2352 nunc
421 2293 631 2367 depromerem
660 2295 739 2370 quod
774 2306 856 2352 esset
887 2315 946 2356 non

113 2372 211 2432 solum
229 2372 299 2431 vitae
316 2371 485 2442 oblectatio,
499 2373 550 2430 sed
566 2372 656 2430 etiam
676 2376 880 2434 levamentum
890 2377 946 2439 mi.

112 2455 270 2511 seriarum.
879 2447 923 2534 i„

153 2533 253 2610 Cujus
266 2533 319 2592 otii
332 2545 497 2609 pertaesum
511 2536 675 2595 necessitas
690 2535 791 2612 coegit
803 2545 834 2592 ut
850 2528 948 2615 uaiibs

113 2633 162 2672 res
177 2615 324 2688 gerendas
336 2616 508 2690 susciperet
525 2636 601 2692 quas
615 2634 767 2692 nunquam
784 2615 868 2672 anteri
882 2613 946 2694 tep-

112 2706 236 2752 taverar.
272 2691 398 2774 ,lamditl
413 2695 572 2756 consitium
587 2699 656 2756 ollae
677 2707 727 2754 aut
744 2697 890 2773 lampadis
904 2693 919 2756 i
934 2733 948 2746 ·

112 2773 262 2832 bricandae
279 2773 378 2830 animo
392 2773 566 2848 agitaverat,
580 2777 813 2853 quibusquidem
824 2785 949 2856 μεως,

112 2854 141 2911 in
165 2852 282 2910 meliori
307 2851 375 2910 sane
396 2856 564 2914 conditione
592 2867 787 2916 versaretur..
821 2855 948 2934 ltaque,

112 2934 251 3007 quamvis
262 2935 388 3010 plueret,
400 2944 512 2992 terram
524 2937 718 3014 argillaceam
733 2934 948 2998 etudiosdaou·

112 3012 247 3086 quisivit,
260 3031 398 3090 opusque
412 3031 500 3073 orsus
515 3027 569 3074 est.
