2048 3288
26 200 34 222 a
127 178 164 229 26
309 252 312 258 ¹
364 189 521 230 nonrusorr
542 190 716 231 onusouus.

124 300 223 359 neque
239 301 339 351 acum,
352 301 451 360 neque
467 283 527 351 fila,
546 287 562 341 ἑ
578 285 739 342 viminibus
755 281 877 358 salignis
890 292 952 360 teg·

123 379 195 420 men
218 363 337 428 struxit,
352 379 382 421 et
396 363 543 422 insertum
561 365 590 422 in
606 363 703 422 medid
716 379 800 440 ‘parte
816 364 952 420 baculum

124 442 266 510 funiculis
280 444 423 520 alligavit.
466 445 548 502 Turn
564 462 603 502 ex
619 448 723 502 arbore
739 461 873 500 cocossae
887 442 954 501 folia

124 523 255 598 sumpsit
268 524 371 582 latiora
384 543 454 600 quae
470 523 598 600 tegmini
620 526 712 600 spinis
729 525 833 590 affixis
853 523 954 598 sicque

124 605 289 662 umbellam
311 605 440 663 confecit
462 607 543 662 tanta
557 607 703 663 densitare
726 616 759 662 ut
774 603 845 660 solis
868 603 954 660 radiis

123 696 204 741 esset
218 683 338 743 omnind
353 685 509 763 impervia.
551 686 655 761 Atque
669 687 774 742 sddem
789 696 852 740 arte
866 684 955 740 textis

122 761 265 822 funiculis
289 764 444 823 fabricavit
468 765 525 822 sibi
540 781 643 839 peram
666 766 695 822 in
710 763 770 841 qud
791 775 821 821 et
844 762 954 821 victum
1006 788 1007 795 ¹

123 861 229 902 secum
255 856 398 920 portaret,
421 856 451 901 et
475 845 617 902 conderet
643 845 794 914 alimenta,
818 844 844 902 si
867 842 953 902 modd

124 925 264 998 quaedam
280 924 412 982 invenire
424 925 478 982 sibi
493 925 677 1000 contigisset.

163 1004 246 1061 Tum
261 1002 335 1062 verb
351 1008 503 1080 tantopere*
516 1006 636 1063 laetatus
648 1015 694 1062 est
705 1023 797 1083 opere
812 1001 956 1080 perlecto,

122 1093 155 1141 ut
171 1095 290 1144 noctem
305 1103 368 1161 prae
384 1085 495 1164 gaudio
508 1085 676 1144 insomnem
698 1085 876 1145 traduxerit.
950 1130 952 1134 .

339 1406 488 1466 onruv
510 1405 736 1479 Qurrvrum.

120 1565 273 1626 Robinson
286 1571 414 1624 intutam
433 1569 790 1640 perlustrat-Magnus
810 1578 959 1624 terror.-

161 1649 199 1700 In
234 1651 381 1720 gaudium
416 1650 767 1716 verticum-vescrifitio
799 1647 960 1706 Lamae.-
1005 1669 1006 1674 ¹

165 1727 260 1782 Unum
276 1730 490 1784 occidit-Sed
506 1734 575 1801 igne
590 1729 851 1790 caret-Carnem
878 1745 959 1784 more

161 1805 358 1864 Tartarorum
374 1814 482 1881 coquit.

160 1967 321 2027 Rosmsun
336 1941 504 2027 visentum
518 1969 579 2028 diei
595 1979 758 2045 expectare
772 1978 902 2044 poterat;
918 1967 961 2026 ita

31 2077 38 2088 ·
118 2049 275 2124 praevertit
290 2052 392 2106 lucem
406 2049 514 2124 ipsam3
530 2068 635 2126 peram
654 2047 819 2124 funemque
835 2047 961 2124 corpori

67 2147 70 2150 ·
119 2128 329 2198 circumdedit;
346 2130 506 2206 securique
519 2149 573 2206 pro
585 2131 686 2206 gladio
700 2129 829 2198 cinctus,
842 2142 873 2187 et
889 2147 960 2186 um-

47 2205 50 2212 ’
117 2205 199 2266 bella
214 2210 349 2269 humeris
363 2211 516 2286 imposita,
529 2211 558 2270 iu
573 2211 653 2269 viam
672 2210 811 2268 alacriter
824 2227 858 2266 se
872 2208 961 2266 dedit

111 2299 154 2346 'ac
169 2288 303 2364 primum
318 2294 455 2348 arborem
478 2309 633 2366 cocossam
648 2291 719 2348 adiit
735 2304 768 2348 ut
790 2307 882 2348 unam
905 2297 962 2346 aut

118 2369 243 2427 alteram
257 2387 366 2428 nucem
382 2371 571 2447 decerperet;
591 2385 658 2429 tum
673 2371 757 2428 littus
771 2367 963 2446 qudquerre·

118 2448 198 2518 visit,
210 2462 324 2508 ostreas
345 2451 540 2520 collecturum
563 2449 695 2530 crimque
718 2451 879 2525 utriusque
904 2465 962 2526 ge·

16 2575 18 2582 .
117 2527 197 2586 neris
222 2531 294 2588 satis
313 2535 461 2609 'magnam
485 2531 604 2609 copiam
630 2531 686 2589 sibi
707 2529 963 2606 comparavisset,
990 2533 992 2540 ’

117 2607 175 2666 iter
187 2609 344 2685 ingressus
358 2622 414 2668 est.

157 2688 239 2746 Mira
254 2689 323 2746 coeli
346 2691 484 2748 matutini
498 2701 562 2750 erat
583 2690 738 2750 serenitas.
782 2689 845 2748 Sua
866 2687 964 2746 rede·

117 2779 189 2827 unte
215 2769 284 2825 luce
309 2768 436 2846 singulis
463 2774 554 2830 rebus
580 2771 677 2829 forma
705 2769 846 2831 redierat.
905 2767 963 2824 Sol

116 2848 217 2906 oriens
231 2847 398 2906 clarissimo
413 2849 547 2923 fulgebat
559 2852 718 2926 splendore
730 2849 817 2926 quasi
830 2867 871 2906 ex
884 2865 964 2905 oce-

117 2945 172 2984 ano
186 2939 369 3006 emergeret,
390 2933 591 3006 arborumque
613 2930 771 2989 cacumina
790 2928 888 2988 veluti
914 2926 964 2986 in·

117 3010 248 3068 curabat.
290 3008 401 3068 Multae
427 3010 562 3087 undique
584 3029 659 3074 aves
684 3010 775 3071 variis
802 3009 963 3086 mirisque
1007 3069 1008 3084 p
