2068 3278
342 189 501 228 ιιοιιιιιιοιι
515 187 686 230 causostis.
873 181 921 232 lul

108 295 156 336 tes
170 290 298 336 servatas
312 295 437 354 reperto.
479 281 559 350 'sum
580 282 728 334 Robinson
743 280 802 338 duo
818 281 926 344 tribula

107 359 242 424 confecit,
252 359 388 434 socioque
400 377 504 415 eorum
516 377 602 416 usum
614 362 727 423 edocto,
741 365 827 417 anrbo
839 381 924 422 zeum

107 455 165 494 unu
180 437 225 494 die
239 442 414 506 exturtdun13
434 441 508 494 duos
522 456 623 494 saccus
644 437 710 494 inde·
726 444 850 513 replent,
870 462 923 502 sex

106 515 224 574 circiter
238 519 401 574 modiorum
416 519 562 574 mensuri.
594 517 672 573 Pane
686 522 802 574 nautico
816 523 852 577 ad
864 523 923 578 ric·

105 606 169 652 tum
185 597 295 670 aliquot
318 595 462 654 mensium
479 598 613 652 instructi
634 609 725 652 erent.
766 597 836 670 Quo
857 617 925 657 con·

105 687 235 748 sumpto,
251 677 399 730 Robinson
414 675 476 750 ipse
493 693 599 749 panem
615 675 742 748 doquer'e
764 680 947 738 constituit.⁸

104 751 257 811 Nimirum
272 756 380 810 molam
397 757 576 811 manua-riam
592 755 608 810 d
622 772 694 810 nare
709 770 922 828 apportaverat.

103 832 210 890 Nihil
203 832 295 908 rgit'ur
308 835 335 889 ei
349 833 481 890 deluit
455 833 510 889 nisi
524 833 655 890 cribrum
670 834 794 890 densum
817 839 851 892 ad
867 839 925 896 cri·

102 911 241 968 brandani
251 911 383 978 farinam,
392 911 554 988 lurnusque
564 915 598 968 ad
609 917 794 987 coquendum
806 933 922 990 panem.

103 989 201 1048 Cribri
215 993 289 1058 loco,
302 993 369 1048 telae
385 1009 480 1066 genus
495 994 571 1064 apud
588 991 674 1047 lndos
694 991 860 1050 conlectum
878 1013 923 1053 re·

103 1081 282 1144 petrumque
297 1070 324 1126 in
338 1089 410 1126 nave
432 1069 571 1127 adhibuit.
611 1069 743 1126 Furnum
761 1071 829 1129 vcrd
845 1077 922 1133 baud

101 1147 220 1205 difficile
233 1151 288 1206 luit
299 1147 450 1206 l'abricare

142 1225 220 1284 eum
234 1239 334 1286 autem
352 1229 499 1283 Robinson
515 1225 706 1316 agriculturae
721 1242 783 1290 tum
799 1244 922 1308 propter

102 1303 169 1383 ejus
185 1305 349 1374 utilitatem,
369 1323 431 1363 tum
449 1321 569 1382 propter
582 1305 824 1398 jucunditatem
819 1312 920 1387 nnpri-

101 1386 159 1442 mis
172 1403 293 1460 operam
308 1388 376 1443 dare
391 1401 524 1460 cuperet,
538 1384 684 1443 officinam
699 1389 885 1449 vomeribus
879 1410 921 1449 ιιι-

100 1465 329 1556 stramentisque
341 1465 406 1521 aliis
417 1463 607 1521 conficiendis
617 1466 751 1524 idoneam
763 1483 921 1528 exstruere

99 1543 257 1600 constituit.
298 1543 418 1618 Quippe
433 1543 483 1618 qui
505 1561 581 1600 nune
597 1545 715 1602 haberet
734 1545 834 1604 follem
858 1561 920 1607 tan·

98 1633 220 1698 tamque
233 1621 304 1680 ferri
318 1627 444 1698 copiam,
455 1635 561 1698 quanta
575 1622 630 1680 sibi
645 1640 697 1697 per
713 1637 804 1681 totam
820 1627 920 1697 vitam,
939 1638 941 1644 ’

99 1699 190 1792 quim
205 1704 291 1779 longa
306 1701 391 1772 foret,
405 1701 541 1759 sufficere
553 1701 710 1760 videretur.
743 1703 840 1778 Igitur
853 1711 918 1782 plu-

100 1779 140 1838 vii
152 1781 295 1856 temporis
312 1796 425 1856 partem
446 1781 633 1838 ferramentis
650 1781 808 1840 conflandis
823 1799 851 1842 et
866 1805 918 1844 ex·

97 1859 240 1918 cudendis
253 1862 435 1952 impendunu
457 1861 657 1936 quodquidem
677 1873 744 1935 pust
764 1867 920 1922 nonnullos

95 1952 220 1996 conatus
232 1939 332 1998 irritos
345 1959 380 2032 pr
383 1939 487 1998 aeclare
498 1941 557 1997 illis
569 1941 725 1998 successit.
766 1938 873 2000 Postid
888 1958 919 2004 et

93 2031 226 2076 aratrum
248 2020 492 2100 excogitaverunt
511 2032 571 2075 tam
586 2023 651 2076 leve
666 2032 694 2076 et
708 2033 810 2095 aptum
827 2035 859 2080 ut
878 2025 920 2080 la·

94 2114 156 2154 mae
173 2097 247 2172 ipsae
262 2097 370 2156 semim
393 2100 500 2155 arando
513 2101 707 2156 assueverint.
750 2099 831 2158 Tum
845 2106 918 2162 occa

93 2174 237 2250 perlecta,
260 2190 367 2235 exacto
388 2191 522 2252 tempore
547 2179 659 2252 pluvio,
681 2179 754 2234 duos
777 2179 918 2238 frumenti

93 2257 221 2329 modios,
245 2275 336 2314 unum
359 2255 471 2324 brudei,
493 2256 652 2314 dimidium
671 2258 804 2332 pisorum
829 2271 916 2318 tertae

91 2336 243 2394 commisit
263 2353 331 2410 quae
352 2338 574 2394 herbescentem
597 2337 678 2392 brevi
692 2335 767 2393 ludit
788 2337 917 2395 viridita-

91 2425 166 2482 tem,
179 2426 208 2471 et
230 2415 304 2472 intra
325 2418 400 2472 duos
414 2433 533 2472 menses
547 2415 659 2472 semina
679 2415 735 2472 sibi
756 2417 917 2476 commissa

90 2493 254 2551 incredibili
268 2492 381 2562 foenore
397 2495 546 2551 reudnlir„

133 2570 255 2630 Interim
278 2592 368 2650 capra
388 2576 463 2632 duos
481 2583 635 2646 pepererat
658 2571 801 2642 haedulus,
822 2574 862 2632 ita
884 2586 916 2634 ut

92 2651 150 2708 boe
162 2669 284 2729 quoque
294 2653 465 2714 animalium
479 2671 576 2729 genus
586 2650 615 2710 in
629 2651 725 2710 insule
739 2671 917 2728 propagare-

95 2742 155 2787 tur.
199 2729 291 2789 Canis
316 2733 445 2790 custodis
468 2749 592 2790 munere
615 2747 705 2790 noctu
729 2731 916 2806 fungebatur.

95 2809 244 2884 Psittacus
269 2813 332 2869 sire
356 2811 433 2870 inter
456 2813 632 2870 coertandum
654 2812 715 2868 sive
739 2812 816 2868 inter
837 2813 917 2867 labo·

94 2888 218 2946 randum
237 2905 289 2947 eos
312 2891 468 2984 garriendo
489 2891 650 2946 r.eereabat
689 2889 791 2947 Lamae
815 2901 916 2946 autem

92 2983 170 3024 nunc
193 2983 341 3028 summanr
370 2968 527 3030 utilitatem
552 2971 610 3026 illis
632 2967 845 3043 praestiterunt3
868 2970 914 3024 h*

498 3065 515 3104 c
