2048 3288
310 173 463 214 aossssou
487 173 661 217 nausosus.
867 166 901 218 35

64 261 171 339 quanti
185 262 224 321 sit
237 261 366 324 amicitia
380 285 436 324 uon
451 269 516 322 ante
532 265 689 325 didicerim
703 264 794 344 quam
807 267 905 327 omnis
960 303 964 312 ·

63 362 140 419 spes
154 344 237 401 illius
251 343 381 420 unquam
396 345 532 404 fruendae
548 348 706 406 exciderit!

107 424 176 482 Has
189 425 265 482 inter
278 427 418 500 querelas
440 426 536 484 oculis
549 425 624 484 iortd
640 433 667 484 in
682 427 793 496 ostium
812 439 904 524 tugi-

62 504 102 562 rii
132 504 277 580 conjectis
302 525 441 564 araneam
468 507 687 574 animadvertit,
715 526 785 583 quae
810 509 905 567 talant

64 603 154 642 suam
169 583 198 641 in
213 587 326 662 angulo
347 588 476 663 quodam
501 599 686 646 contexerat.
727 587 904 662 Tantopere

62 674 169 723 autem
193 666 276 723 socio
297 667 415 738 invento
430 669 550 725 laetatus
564 677 620 737 est,
633 679 676 734 ut,
691 667 789 744 qualis
813 679 904 738 esset,

63 745 190 804 minime
207 757 335 813 cur-areu
354 744 479 824 juvabat
494 746 604 805 intueri
619 750 680 824 qua
695 756 758 806 arte
772 748 863 806 telam
887 746 905 808 ἃ
955 759 967 776 “

62 824 167 884 medio
182 836 288 882 texere
307 825 438 900 incipiat,
452 845 487 885 ac
502 827 609 885 deinde
625 827 675 885 fila
688 827 832 885 immittat
847 828 905 888 alia

63 905 92 963 in
103 918 235 974 rectum,
244 905 301 964 alia
309 905 339 964 in
348 909 464 976 orbem,
474 909 680 983 maculasque,
689 907 813 983 paribus
824 925 904 966 sem·

63 1003 120 1062 per
138 986 313 1058 intervallis,
338 986 534 1044 indissolubili
555 989 632 1045 nodo
658 989 805 1054 adnectat,
830 1007 902 1064 quae

64 1065 182 1124 minora
196 1065 356 1124 animantia
371 1067 465 1124 veluti
479 1067 594 1124 retibus
607 1067 760 1141 implicata
773 1079 902 1128 teneant.

64 1147 175 1223 Itaque
189 1165 246 1205 non
261 1147 349 1206 desiit
362 1147 391 1204 ei
404 1146 451 1204 bis
465 1147 494 1204 in
517 1145 565 1204 dic
581 1165 703 1206 muscas
726 1147 903 1224 culicesque

65 1227 216 1285 sufficere.
260 1227 316 1284 Illa
331 1225 454 1302 qudque
468 1237 578 1285 tantam
596 1246 667 1285 cum
683 1227 801 1303 bospite
816 1227 904 1288 fami·

64 1307 224 1366 liaritatem
239 1307 397 1374 contraxit,
418 1318 453 1364 ut
466 1308 585 1384 quoties
597 1309 647 1366 hic
669 1309 761 1366 telam
784 1308 902 1385 tetigis-

64 1398 120 1453 set,
133 1388 186 1445 illa
200 1404 294 1462 specu
310 1388 516 1465 progrediens,
531 1389 666 1463 praedam
680 1406 721 1444 ex
736 1387 826 1446 herili
838 1407 902 1447 ma·

63 1485 103 1525 nu
119 1468 283 1544 acciperet.

103 1547 173 1606 Jam
197 1567 256 1605 nox
274 1547 530 1623 appropinquabat
551 1548 657 1623 solque
682 1547 711 1606 in
734 1547 821 1623 aquis
843 1547 901 1608 im·

62 1627 163 1703 mergi
180 1628 345 1686 videbatur.
387 1629 499 1686 Oriens
513 1647 552 1686 ex
574 1629 711 1703 opposita
725 1627 795 1686 cosli
818 1642 902 1702 parte

64 1707 150 1765 Luna
164 1707 261 1766 radios
275 1709 304 1766 in
326 1710 502 1784 speluncam
520 1707 662 1766 fundebat
682 1718 765 1766 tanto
788 1709 901 1764 Rodia.

64 1794 143 1843 aonia
169 1787 279 1861 gaudio
299 1800 333 1848 ut
357 1789 409 1846 ille
431 1789 601 1864 aliquandiu
623 1805 763 1846 somnum
789 1805 900 1861 capere

63 1886 121 1924 non
135 1879 245 1944 posset.
287 1869 424 1927 Tandem
436 1868 626 1940 obdormivit,
640 1869 714 1927 dum
725 1865 815 1944 ignis,
829 1867 899 1927 sub·
960 1875 962 1878 ’

61 1945 144 2026 jecta
159 1949 296 2020 materia,
311 1951 390 2008 lentd
405 1949 505 2008 alitur.
957 1953 958 1956 ’

273 2272 422 2331 CAPUT
439 2271 685 2332 SEPTIMUM.

62 2433 175 2491 Praeda
196 2436 450 2506 ingenae—Deest
469 2453 519 2491 rea
536 2432 666 2490 maxim&
681 2438 900 2491 necessaria.-

87 2514 158 2570 Vota
170 2513 764 2572 irrita.-Amrutara0.-Natarra-Rea
777 2520 878 2572 varic.

101 2673 274 2748 Roprssorr,
295 2674 366 2734 crlm
383 2675 455 2734 solis
481 2685 575 2732 aestus
588 2671 618 2731 in
645 2672 743 2732 insula
769 2673 898 2731 interditl

63 2766 141 2812 esset
161 2753 393 2822 fervidissimus,
406 2754 589 2813 matutinum
613 2753 751 2829 inprimis
767 2764 819 2809 aut
834 2769 899 2807 ves-

62 2833 211 2908 pertinum
225 2846 348 2911 tempus
363 2835 448 2911 operi
463 2835 639 2910 impendere
651 2833 773 2890 solebat.
791 2831 898 2899 ltaque

62 2913 159 2988 primo
180 2933 268 2972 mane
292 2916 434 2982 surrexit,
456 2911 589 2990 cumque
612 2913 693 2988 ligna
718 2923 809 2980 super
832 2903 900 2964 foco

63 2992 258 3070 reposuisset,
280 2996 435 3056 dimidiam
459 3011 595 3056 cocossae
619 3005 742 3056 nucem,
764 2999 835 3059 quae
860 2984 897 3036 ὃ·
