2068 3278
337 209 492 252 marasan
515 198 689 254 osusoaua.
813 273 827 292 ⁸
890 203 927 257 ιι

214 337 361 440 eaput
384 380 598 442 oraclorum
618 381 831 444 surorum·

95 537 247 602 Robinson
258 549 391 611 staretur
406 545 446 598 ad
467 543 640 600 obsidionem
655 543 928 613 serendam-Fri.

192 622 248 700 day
262 622 589 694 decomodare-Quare
601 628 642 678 alr
656 626 837 692 appellatus.

137 782 277 842 laenam
292 781 390 840 adhuc
404 799 577 874 ancepsque
592 793 657 841 erat
679 778 795 842 lortuna
818 787 929 843 Rottn·

95 868 189 918 annu.
228 863 336 920 Nonne
352 861 514 920 verisimile
529 871 592 920 erat
606 865 758 927 barbaros
771 867 871 936 epulis
886 867 930 926 in·

95 942 237 1002 humanis
247 942 378 1010 satiatos,
389 941 516 1018 vestigia
528 942 680 1000 sociorum
691 959 850 1004 secuturos
862 963 928 1006 esse

96 1031 195 1080 utens
209 1034 239 1082 et
247 1021 404 1096 captivum
416 1020 469 1104 qui
481 1009 617 1080 evaser'at
630 1037 810 1098 quaererent.
841 1025 928 1086 'sune

96 1099 169 1162 vero
184 1101 309 1160 dubium
324 1119 381 1158 non
397 1111 461 1160 erat
477 1100 549 1177 quin
563 1100 606 1160 illi
620 1103 740 1161 detecto
755 1106 851 1162 semel
870 1109 929 1163 Ro·

96 1183 228 1238 nonnata
243 1181 420 1252 habitaculo,
445 1191 690 1258 expugnatoque,
706 1201 776 1242 eum
794 1183 884 1244 simul
898 1197 929 1246 et

94 1279 209 1320 norum
224 1261 367 1320 comitem
380 1261 561 1320 occiderent.
602 1261 682 1334 Quae
704 1262 847 1339 cogitatio
869 1267 930 1322 Ro·

50 1389 57 1404 ,
96 1342 227 1398 dinootra'a
250 1340 383 1400 animum
405 1341 546 1418 agitabat,
567 1341 640 1400 dum
666 1339 683 1398 ὲ
706 1361 827 1404 summo
851 1347 928 1404 colle

8 1421 10 1426 “
35 1455 39 1462 -
96 1431 166 1496 post
178 1423 317 1482 arborem
333 1422 428 1480 latens
449 1419 562 1480 loedam
585 1422 786 1496 epulationem
809 1426 930 1484 choros·

96 1518 157 1576 que
171 1502 331 1560 barborum
345 1501 486 1559 intuetur.
529 1499 617 1558 Tunc
630 1501 774 1560 deliberat
787 1503 858 1578 quid
874 1506 930 1566 sibi

95 1579 126 1639 in
142 1583 197 1639 hoc
208 1600 309 1640 rerum
325 1580 452 1640 articulo
465 1577 633 1638 faciendum
647 1580 695 1651 sit,
708 1593 811 1641 utrum
823 1583 929 1659 fugiat,

96 1678 132 1720 an
154 1661 184 1718 in
207 1680 275 1720 aree
300 1665 354 1720 sua
375 1661 526 1718 inclusum
550 1677 583 1717 se
605 1660 714 1719 teneat!
757 1660 836 1722 Cdm
857 1663 929 1724 verd
1023 1707 1025 1714 .

95 1752 230 1800 mentem
246 1759 331 1800 suam
355 1743 392 1800 ad
407 1739 648 1814 potentissimum
664 1741 739 1800 illud
760 1761 872 1802 numen
886 1745 930 1804 in·

95 1823 244 1880 nocentiae
266 1821 443 1914 praesidium
458 1821 616 1886 erexisset,
640 1839 706 1877 sese
724 1820 799 1880 aded
822 1823 930 1884 confir·

96 1913 214 1960 matum
229 1903 327 1960 animo
339 1901 431 1960 sensit
444 1914 476 1960 ut
488 1899 639 1976 posterius
653 1898 753 1958 lacere
768 1902 929 1966 constitue·

65 2007 67 2014 2
96 1981 144 2038 rit.
186 1982 312 2074 ittaque
313 1983 390 2040 inter
413 1983 536 2038 dumeta
562 1980 716 2057 usquead
740 1981 928 2044 domicilium

96 2062 230 2137 prorepit
253 2059 334 2120 socio
355 2057 529 2138 significans
556 2075 589 2120 ut
612 2061 693 2118 idem
717 2073 796 2137 agat,
823 2064 928 2141 sieque

10 2167 13 2184 ·
96 2143 186 2200 ambo
200 2143 235 2198 ad
250 2143 426 2216 speluncam
441 2141 628 2216 perveniunt

138 2221 228 2280 Tunc
243 2223 385 2280 barbarus
395 2219 580 2278 domicilium
592 2220 759 2280 liberatoris
771 2221 928 2284 commode

97 2301 278 2378 dispositum
293 2302 411 2360 intuens
425 2301 591 2375 obstupuit,
604 2301 717 2377 quippe
729 2301 781 2376 qui
791 2301 864 2359 nihil
877 2320 930 2361 un·

10 2389 12 2392 ’
95 2399 188 2460 quam
204 2381 325 2439 vidisset
340 2381 383 2438 sie
393 2381 572 2438 ordinatum.

140 2465 291 2528 Robinson
307 2464 429 2518 {narbam
443 2460 592 2536 significat
606 2460 678 2537 quid
694 2460 733 2518 sit
746 2461 782 2517 ab
797 2461 929 2526 hostium

10 2559 25 2570 ··
94 2543 290 2602 multitudine
304 2542 510 2610 metuendum,
533 2559 567 2599 se
582 2551 683 2599 autem
706 2551 843 2615 paratum
862 2561 930 2603 esse

94 2622 134 2682 ad
148 2623 241 2680 vitam
254 2618 373 2680 strenue
389 2619 614 2678 defendendam.
656 2620 727 2693 Quo
740 2621 863 2697 quidem
877 2623 929 2682 ille

94 2701 261 2774 intellecto,
284 2701 363 2760 truci
386 2703 471 2759 vultu
494 2700 625 2758 securim
652 2700 755 2770 vibrat,
779 2714 929 2778 gestuque

94 2779 225 2841 terribili
238 2780 342 2840 rersds
356 2799 427 2838 eum
442 2782 542 2838 locum
557 2798 590 2840 ae
604 2780 750 2840 convertit
764 2781 816 2838 ubi
831 2782 930 2837 hostes

95 2872 192 2927 erant,
206 2861 294 2936 quasi
306 2861 374 2919 illos
389 2872 576 2935 provocaret,
597 2873 788 2949 patronoque
796 2859 930 2916 deelara-

95 2953 144 3000 ret
167 2959 200 2998 ae
215 2942 252 3000 ad
265 2941 444 2999 acet-rimam
469 2939 673 2998 defensionem
696 2935 930 3012 paratissimum

97 3023 264 3091 Robinson,
285 3022 342 3078 hic
365 3018 435 3100 ejus
458 3016 630 3087 fortitudine
651 3015 784 3093 probati,
805 3015 887 3074 nasta

491 3115 512 3156 ο
527 3104 544 3154 2
