2068 3278
319 160 481 208 nontrtson
496 165 669 208 ouusouua.
860 147 911 206 lds

123 259 189 318 Hac
203 268 305 316 mente
330 259 472 332 scapham
494 275 564 334 quae
586 261 646 316 truc
668 275 765 334 usque
787 257 817 316 in
831 257 933 331 eicco,

84 349 272 404 remanserat,
292 339 322 398 in
344 355 454 416 aquam
483 341 645 406 retrahunt,
660 341 789 415 paloque
805 339 836 396 iu
849 350 908 396 ter·

85 436 146 476 ram
161 418 262 476 defixo
283 419 420 496 religant.
463 419 602 491 Vespere
624 421 731 476 eodem
746 421 850 476 tubera
866 437 913 478 so·

83 499 214 557 lauoruru
230 511 352 568 torrent,
368 499 503 574 aliosque
518 499 602 556 cibos
623 511 727 574 parant
748 511 782 558 ut
804 517 912 558 secum

83 590 148 637 octo
161 579 279 650 dierum
295 579 401 639 viatica
410 580 576 653 deportent.
894 609 896 614 ·

425 761 565 778 m

425 777 564 790 nen—aunu-

101 949 103 956 ,
149 898 298 958 CAPUT
321 898 584 958 VIG'ESIMUM
607 897 826 958 TERTIUM.

81 1061 138 1116 Rea
153 1063 251 1117 multa
264 1071 293 1115 et
307 1075 474 1134 Μαρια.-
480 1059 823 1134 Pammene-Fragor
838 1067 911 1118 lonl-

118 1141 391 1197 truum.-Sonieua
414 1147 483 1198 aenei
507 1143 812 1214 tormenti-Magna
824 1147 912 1199 naula

116 1219 414 1296 derelicta--Friday
438 1224 478 1277 ad
502 1225 580 1278 illam
609 1223 912 1296 adnatat.—-Ignota

114 1299 446 1360 animam-Canta·-
453 1302 701 1372 Capra-Ralla.

116 1461 275 1522 Roatusou
291 1455 453 1536 sociusque
475 1462 528 1522 vix
551 1478 642 1520 unam
661 1461 843 1522 dormierant
858 1463 911 1520 ho·

75 1559 152 1613 ram,
165 1541 236 1599 cum
250 1541 301 1600 ille
323 1543 429 1598 exorta
450 1539 549 1600 aubitd
565 1551 744 1617 tempestate
759 1559 912 1636 experge-

71 1621 173 1682 tactus
182 1634 237 1680 est.
279 1621 417 1680 Procolla
428 1623 609 1681 horrendum
624 1620 706 1694 furit,
719 1623 910 1700 repetitoque

73 1702 241 1762 tonitruum
268 1699 389 1778 fragore
417 1711 497 1760 terra
527 1702 591 1778 ipsa
620 1721 768 1762 concussa
798 1703 927 1761 tremit.

73 1781 176 1841 Audis
188 1798 235 1848 ne,
250 1778 383 1853 Frlduy?
397 1781 438 1840 ait
455 1784 617 1839 Robinson.
661 1783 743 1842 Heu!
761 1783 912 1859 respondit

72 1861 174 1930 ille,
151 1879 177 1921 at
197 1865 265 1924 uaec
276 1871 442 1936 tempestas
456 1879 509 1920 nos
528 1861 557 1920 in
571 1863 632 1922 alto
647 1861 909 1937 deprehendisset!

72 1943 185 2019 quibua
198 1942 250 2002 vix
270 1941 370 2010 dictis,
383 1939 505 2012 repente
520 1939 622 2017 fragor
635 1943 756 2002 auditur
766 1944 921 2003 tormenti

71 2022 195 2097 explosi
219 2021 349 2081 sonitum
377 2021 520 2080 relerena.
562 2025 677 2094 Fridap
707 2024 818 2081 tonitru
842 2041 911 2082 esee

70 2113 174 2195 putat,
195 2104 345 2158 Rodinaon
360 2115 461 2160 autern
473 2120 528 2178 pro
537 2113 620 2160 certo
632 2105 721 2160 habet
736 2122 768 2162 se
780 2119 912 2164 tormen·

69 2183 94 2241 ti
110 2183 243 2245 sonitum
259 2181 385 2253 audiise,
399 2181 578 2258 animusque
600 2181 669 2259 ejus
693 2183 798 2242 laetitilt
820 2183 911 2244 simul

68 2273 102 2320 et
118 2263 228 2320 timore
244 2264 445 2338 perturbatur.
487 2260 655 2337 Extemplo
666 2261 683 2320 ὲ
696 2278 787 2324 atrato
803 2283 834 2322 aa
845 2281 912 2322 cor·

67 2341 156 2418 ripit,
168 2345 307 2419 taedaque
320 2345 338 2399 d
351 2340 419 2400 foco
432 2343 552 2418 arrepta
573 2344 685 2416 Frt'day
704 2343 805 2422 jubet
806 2347 911 2402 subse·

66 2421 151 2499 qui.
179 2423 239 2480 Hie
253 2434 356 2481 autem
371 2421 479 2497 paruit,
490 2418 663 2500 quanquam
675 2425 799 2482 consilio
814 2423 910 2482 dorni·

65 2501 100 2560 ni
110 2519 173 2560 non
187 2515 357 2578 perspecto.

111 2580 208 2651 Tum
216 2581 396 2640 Robinson
388 2599 418 2640 1n
431 2599 553 2642 summo
566 2597 667 2642 monte
682 2583 772 2660 quam
789 2585 910 2643 celerri-

63 2663 143 2722 md'
134 2679 241 2740 tgnent
254 2664 374 2740 largum
390 2662 535 2734 accendit,
549 2681 609 2739 quo
624 2663 806 2742 significaret
820 2666 910 2724 maris

64 2742 192 2802 aaevma
199 2741 376 2802 confltctatts
385 2754 484 2800 tutum
496 2742 547 2801 hic
564 2761 631 2801 ease
643 2765 698 2839 per
701 2745 828 2821 fugium
842 2749 909 2802 Nou

64 2823 221 2880 dubitavit
241 2825 321 2882 enim
336 2825 407 2900 quin
428 2833 522 2882 esset
521 2823 550 2882 in
565 2827 734 2902 propinquo
748 2825 848 2900 aliqua
860 2843 910 2881 na·

64 2902 115 2962 vis
131 2921 205 2980 quae
228 2917 351 2980 propter
372 2903 543 2980 periculum
569 2917 751 2968 tormentum
770 2907 909 2978 explose-

62 2991 124 3042 rat.
171 2981 236 3043 Vix
259 2995 362 3044 autem
389 2983 513 3044 damma
533 2997 696 3058 exarserat,
718 2982 788 3043 edm
804 2981 901 3042 effusi·
