2068 3278
138 153 191 206 144
370 165 523 206 nourusou
545 164 715 210 causostis.

133 253 169 312 ad
192 253 345 312 meliorem
367 253 484 330 frugem
508 257 728 313 reducerentur.
768 255 836 314 Hac
853 265 957 312 mente

133 333 205 389 alios
217 349 321 389 omnes
336 352 439 390 eorum
450 334 614 390 auctoritati
628 336 778 410 subjicere
792 335 957 394 constituit.

175 413 276 484 ltaque
293 429 442 470 universos
456 412 566 468 arcessi
580 412 673 488 juben
695 431 749 470 sex
767 415 857 488 Angli
871 423 956 469 erant

134 501 163 545 et
177 490 235 544 dun
251 490 374 564 Hispani
389 509 457 548 cum
468 491 627 548 uxoribus.
668 491 786 562 Quibus
809 509 956 548 convoca·

132 567 170 626 tis
184 586 267 624 susm
286 571 430 624 Robinson
445 569 605 626 declaravit
621 582 809 635 voluntatem,
823 571 870 628 bis
890 588 956 626 ver·

133 644 187 703 bis:
206 656 224 684 ‘⁴
238 647 396 704 Neminem
412 649 473 704 lure
487 665 584 722 spero,
605 649 655 722 qul
672 649 742 706 milti
754 649 805 724 jus
824 651 956 722 deneget

133 725 169 782 tle
184 728 271 782 rebus
284 727 366 788 meis,
378 729 471 792 idest,
483 728 536 784 bac
549 727 722 784 insularum
735 731 874 784 omnibus
884 743 954 802 quae
1019 763 1020 768 κ

132 803 162 862 in
177 807 212 862 ea
226 819 292 860 sunt
306 805 424 861 arbitrio
438 823 504 862 meo
518 807 672 862 statuendi.
712 805 794 879 Opto
807 819 910 864 autem
922 817 956 863 ut

133 883 264 940 omniunt
278 883 424 960 cujusque
437 881 566 940 vestnlm
579 885 630 959 qui
644 885 691 941 nic
707 885 872 942 remansuri
883 886 956 942 estis

134 963 260 1018 conditio
275 967 312 1018 sit
328 963 505 1028 beatissimae
527 977 616 1038 atque
630 964 666 1018 ad
682 963 710 1018 id
724 965 956 1037 assequendum,

134 1052 230 1097 certas
245 1043 329 1116 leges
343 1059 397 1097 non
419 1040 592 1098 habentibus
607 1059 708 1100 meum
723 1054 768 1098 est
790 1042 957 1112 instituere,

134 1133 205 1176 vest.
208 1137 265 1176 um
279 1133 376 1177 autem
390 1121 483 1211 sequi

172 1205 191 1237 ‘⁴
206 1199 326 1256 llaec
295 1199 386 1273 igitur
407 1199 541 1273 accipite.

172 1285 190 1316 ⁴‘
202 1277 266 1333 llos
282 1285 367 1333 annm
382 1278 529 1352 Hispanos
544 1296 602 1355 ego
619 1297 703 1335 meos
717 1279 745 1337 in
760 1279 856 1338 insule
877 1280 957 1336 rica·

134 1354 360 1414 rioscnnstitun.
396 1357 699 1432 Hip1·aecipient‚v0s
716 1358 863 1432 parebitis.
898 1359 957 1416 llis
1019 1379 1020 1436 j

134 1437 288 1492 cummrttu
301 1453 474 1510 apparatum
499 1455 617 1493 omnem
639 1437 790 1498 bellicum,
814 1436 956 1512 variaque

133 1514 337 1580 iustrumenta,
357 1517 394 1572 ea
405 1529 501 1572 tamen
517 1518 583 1588 lege
607 1527 637 1572 ut
652 1518 693 1570 illi
717 1516 799 1572 vobis
818 1534 957 1572 necessa·

134 1591 177 1650 ria
193 1597 351 1667 praebeant
374 1606 538 1650 vosautem
553 1611 622 1650 cum
638 1593 674 1651 iis
697 1592 816 1652 honeste
830 1593 859 1650 in
882 1612 956 1668 pace

134 1685 248 1729 stratis.

173 1757 191 1788 ‘⁸
206 1759 250 1807 Ac
269 1751 412 1827 principio
428 1751 527 1808 Deum
542 1753 640 1821 colite;
662 1755 742 1810 nulla
757 1753 835 1810 enim
851 1753 956 1810 civitas

134 1827 212 1887 firm
206 1851 231 1898 n,
244 1849 298 1887 nist
290 1830 535 1889 lund-amentum
552 1835 587 1888 sit
604 1836 705 1923 pietas.

172 1919 191 1948 ⁶
183 1909 345 1967 Proxima
359 1912 458 1984 pietati
472 1912 510 1968 sit
522 1910 644 1987 justitia.
673 1909 728 1968 Jus
742 1928 830 1968 suum
846 1911 958 1986 cuique

134 1986 289 2052 tribuatur,
303 2009 337 2045 ac
353 2007 387 2046 ne
403 1989 533 2063 cuique
549 2003 660 2046 noceat.

173 2073 192 2105 ‘⁸
203 2065 249 2122 De
265 2069 383 2126 caeteris
397 2071 482 2124 ambo
499 2069 623 2142 Hispani
638 2068 771 2126 viderint.
814 2068 862 2126 Illi
883 2067 957 2126 fines

135 2146 215 2220 agris
235 2146 463 2224 assignabunt,'
453 2165 591 2224 juraque,
612 2160 699 2222 prout
719 2165 766 2204 rea
788 2149 957 2220 postulabit,
1017 2143 1018 2173 ³

136 2225 246 2298 privata
264 2229 440 2300 publicaque
455 2239 590 2282 statut-nt.

173 2313 192 2342 “
205 2303 312 2361 Forsan
322 2319 351 2360 et
361 2307 432 2360 olim
447 2305 563 2362 (labitur
577 2307 613 2362 de
626 2306 707 2363 vobis
721 2305 832 2370 audire,
846 2317 897 2362 aut
909 2323 958 2362 me

135 2381 292 2458 aliqucnub
315 2384 429 2462 juvabit
445 2399 615 2442 extremum
640 2386 669 2441 in
693 2386 746 2442 bae
769 2385 865 2440 insula
887 2384 960 2442 mihi
1016 2381 1017 2455 ξ

62 2518 64 2523 s
135 2463 288 2519 carissima
304 2463 371 2520 vitae
384 2473 503 2534 tempus
515 2481 614 2537 agere.
656 2463 713 2521 Vae
729 2463 771 2518 illi
783 2462 834 2536 qui
847 2465 959 2519 interea

135 2538 265 2596 instituta
280 2559 345 2598 mea
367 2554 569 2614 transgressus
583 2541 680 2598 suerit
727 2541 793 2616 Ego
808 2541 958 2598 huminem

134 2615 163 2672 in
177 2620 305 2691 cymbb
299 2619 468 2707 tmpositum
491 2619 632 2677 fluctibus
647 2619 813 2677 saevissima
829 2635 959 2692 tempes-
1015 2667 1016 2670 ,

55 2719 60 2726 ·
134 2706 193 2750 tate
219 2697 337 2768 agitatis
353 2699 464 2754 tradam
492 2697 717 2754 hauriendum?
760 2698 817 2754 llis
842 2699 959 2766 auditis,

133 2776 285 2828 assensere
300 2791 403 2828 omnes
417 2777 673 2850 obedientiamque
690 2776 813 2850 polliciti
827 2789 905 2833 sunt

173 2849 255 2906 Tum
279 2863 378 2907 noster
402 2869 436 2908 ea
458 2857 565 2909 notavit
588 2874 654 2928 quae
680 2873 784 2910 secum
809 2859 959 2912 aveheret:

133 2925 250 2999 scillcet
269 2935 301 2983 ι·
321 2928 467 2986 vestem&
483 2931 643 3012 pellibus
628 2953 645 2992 a
659 2951 691 2990 se
705 2933 772 3008 ipsu
786 2932 959 3001 conlectam,
