2068 3278
115 211 154 264 ⁸8
356 207 509 260 aostnsort
530 219 705 261 consonus.

114 315 257 382 obstante,
277 311 394 368 barbari
414 309 543 368 insulam
563 311 700 369 invisere·
741 310 847 388 ltaque
861 311 947 370 licuit

115 393 205 452 sociis
228 393 397 450 continuam
422 409 546 466 operam
570 390 765 472 munimentis
787 394 868 460 dare,
890 409 946 449 nec

113 472 174 531 illis
186 491 263 548 opus
280 471 338 530 fuit
350 472 406 529 sibi
426 483 528 530 contra
546 471 730 546 repentinam
746 471 946 530 incursionem

115 571 298 630 praecsvere.

157 635 307 688 Robinson
323 633 476 700 comitem,
495 631 573 689 inter
585 649 664 706 opus
676 630 856 701 laciendum,
869 629 949 688 Ger-

114 713 264 772 manicam
275 714 409 790 l‘tnguam
420 713 532 780 docuit,
547 711 636 791 cujus
647 729 705 786 ope
716 713 806 770 animi
818 711 947 786 cogitata

116 810 188 852 cum
212 794 294 851 socio
318 792 542 850 communicare
567 791 772 850 ardentissime
799 793 948 866 cupiebat.

116 873 178 932 Hic
192 886 293 930 autem
305 883 366 930 tam
378 873 508 930 docilem
519 885 549 929 et
563 883 708 930 attentum
725 889 758 929 se
771 871 902 948 praebuit
914 881 948 930 ut

114 953 201 1012 brevi
222 967 365 1028 tempore
381 953 532 1012 maximos
554 971 736 1028 progressus
757 951 871 1010 fecerit.
913 951 949 1010 ln

115 1051 176 1110 quo
207 1037 359 1090 Robinson
381 1035 489 1092 eadem
521 1043 584 1090 arte
606 1050 679 1090 usus
701 1043 747 1090 est
767 1035 827 1110 qua
855 1032 949 1090 solers

115 1116 264 1192 magister
278 1127 310 1172 ut
322 1113 455 1188 linguam
468 1113 603 1170 Latinam
616 1111 804 1170 Gallicamve
816 1111 949 1186 discipu·

115 1194 162 1253 los
174 1197 291 1254 doceat
331 1194 459 1267 Quoties
470 1190 580 1268 nempe
602 1191 668 1250 lieri
682 1193 787 1268 potuit,
805 1195 842 1252 aa
855 1211 898 1262 re,
911 1192 950 1249 de

1018 657 1021 828 l

115 1279 176 1354 qua
191 1293 291 1336 sermo
305 1284 378 1342 erat,
400 1273 495 1348 positu
508 1271 573 1331 aute
587 1273 702 1342 oculos,
724 1273 861 1350 distincta
876 1289 950 1332 voce
1020 1303 1021 1322 t

105 1374 225 1428 ¹nornen
239 1355 308 1434 ejus
321 1353 526 1431 pronuntiabat
566 1354 647 1411 Cum
658 1351 731 1412 vero
745 1355 783 1411 de
798 1351 951 1432 ejusmodi
1020 1385 1021 1394 κ

116 1439 207 1496 iebus
229 1447 371 1513 ageretur
391 1454 460 1512 quae
482 1434 579 1492 oculis
601 1433 710 1513 subjici
729 1451 787 1492 non
805 1433 951 1509 poterant,
1020 1447 1021 1456 ¹

115 1521 204 1579 vultu
219 1531 370 1594 gestuque
390 1515 432 1576 ital
453 1515 626 1592 exprimere
641 1513 766 1585 studuit,
787 1526 821 1571 ot
835 1515 950 1586 Μίαν

115 1617 192 1658 anno
206 1597 330 1656 dimidio
343 1597 474 1654 nondum
497 1609 604 1654 exacto
625 1597 822 1652 Robinsonem
841 1593 950 1652 intelli·
1020 1613 1021 1654 3

117 1695 201 1756 gere,
231 1677 506 1754 cogitationumque
537 1675 718 1753 participem
748 1692 821 1733 eum
849 1672 950 1733 lacere
1020 1695 1021 1730 ς

116 1768 229 1836 posset.

157 1836 373 1914 Quodqoidem
394 1839 525 1896 multum
548 1838 724 1892 Robinsom'a
745 1834 880 1894 felicitati
899 1835 950 1896 ad·
1020 1855 1021 1862 ¹

115 1920 200 2002 jecit.
242 1919 314 1977 Huc
329 1935 426 1994 usque
438 1917 517 1976 enirn
530 1917 645 1975 socium
662 1918 797 1994 quidem,
815 1918 869 1973 sed
881 1933 949 1974 mu-

117 2011 182 2061 tum
198 2017 269 2058 eum
284 2000 437 2068 habuerat;
453 2010 518 2056 tum
530 1994 602 2056 vero
616 1996 749 2055 amicum
759 1995 816 2054 sibi
827 1997 951 2072 compa·

117 2087 200 2141 ravit.
236 2082 348 2150 Μίαν
365 2077 445 2135 enim
457 2095 580 2154 sempor
591 2079 759 2147 honestum,
780 2077 953 2147 candidum,

117 2161 240 2222 fidelem
263 2173 445 2234 gratumque
467 2159 586 2216 domino
606 2175 639 2214 se
653 2157 800 2238 praestitit.
843 2159 952 2233 ltaque
1020 2167 1021 2218 l

119 2243 271 2300 Robinson
283 2239 430 2296 cariorem
451 2255 522 2297 eum
546 2239 575 2296 in
597 2238 662 2298 dies
684 2239 795 2308 habuit,
816 2255 852 2296 ac
865 2237 952 2296 breti

117 2333 254 2398 ternpore
267 2322 370 2394 elapso
391 2337 447 2376 non
465 2318 610 2377 dubitavit
624 2320 679 2375 hoc
695 2319 723 2378 ei
738 2319 955 2377 concederent

116 2403 267 2460 ineatlem
279 2401 424 2476 spetunca
435 2415 540 2457 secum
553 2410 749 2472 pernoctaret.
889 2420 909 2460 s

158 2481 299 2539 Duorum
319 2478 388 2541 'lere
416 2479 566 2536 mensium
591 2479 686 2556 spatio
712 2479 791 2538 fossa
815 2479 953 2538 absoluta

117 2560 184 2629 luit;
195 2579 256 2636 quo
269 2557 358 2629 lacto,
370 2561 411 2618 ita
422 2559 531 2617 muniti
545 2569 628 2617 erant
640 2572 672 2618 ut
681 2561 745 2638 jam
754 2561 953 2618 barbarorum

117 2641 266 2716 impetum
294 2659 352 2698 non
379 2637 469 2697 modo
496 2657 552 2697 non
580 2639 791 2708 extimescere,
816 2642 868 2697 sed
897 2657 953 2698 eos

24 2775 27 2784 ,
118 2721 219 2786 etiam,
233 2719 258 2777 si
273 2735 403 2792 unquam
419 2731 628 2794 oppugnarent
642 2735 753 2788 arcem,
767 2731 889 2796 possent
903 2738 954 2778 re·

118 2803 243 2878 pelleret
265 2796 348 2874 pritls
371 2799 451 2856 enim
473 2797 564 2875 qtlam
585 2801 666 2856 tillus
686 2799 797 2858 fossam
812 2799 955 2858 transiret

119 2892 170 2939 aut
180 2883 270 2958 palos
284 2890 450 2952 superaret,
465 2881 501 2934 ab
519 2879 650 2936 obsessis
663 2891 714 2937 aut
728 2880 846 2954 sagittis
859 2881 953 2938 inter·

119 2960 179 3028 fici,
199 2971 249 3018 aut
272 2958 363 3016 hastis
384 2957 526 3016 transfodi
539 2959 660 3032 impune
677 2969 801 3035 poterat.
842 2961 953 3036 ltaque
1020 2993 1021 3036 t

120 3039 271 3097 securitati
287 3055 351 3097 suae
362 3054 441 3096 nuuc
453 3037 524 3096 satis
536 3039 722 3100 consuluisse
734 3037 920 3101 videbantur.
1008 3057 1021 3091 .’
