<?xml version="1.0" encoding="UTF-8"?>
<!DOCTYPE html PUBLIC "-//W3C//DTD XHTML 1.0 Transitional//EN"
    "http://www.w3.org/TR/xhtml1/DTD/xhtml1-transitional.dtd">
<html xmlns="http://www.w3.org/1999/xhtml" xml:lang="en" lang="en">
 <head>
  <title>
</title>
<meta http-equiv="Content-Type" content="text/html;charset=utf-8" />
  <meta name='ocr-system' content='tesseract 3.04.00' />
  <meta name='ocr-capabilities' content='ocr_page ocr_carea ocr_par ocr_line ocrx_word'/>
</head>
<body>
  <div class='ocr_page' id='page_1' title='image "./robinsoncrusous00goffgoog_0152.png"; bbox 0 0 2068 3278; ppageno 0'>
   <div class='ocr_carea' id='block_1_1' title="bbox 108 285 694 338">
    <p class='ocr_par' dir='ltr' id='par_1_1' title="bbox 108 285 694 338">
     <span class='ocr_line' id='line_1_1' title="bbox 108 285 694 338; baseline -0.014 -1"><span class='ocrx_word' id='word_1_1' title='bbox 108 285 165 338; x_wconf 71' lang='lat'>1⁴⁶</span> <span class='ocrx_word' id='word_1_2' title='bbox 345 291 500 334; x_wconf 67' lang='lat' dir='ltr'>nosteros</span> <span class='ocrx_word' id='word_1_3' title='bbox 521 289 694 332; x_wconf 73' lang='lat' dir='ltr'>nauseans.</span> 
     </span>
    </p>
   </div>
   <div class='ocr_carea' id='block_1_2' title="bbox 93 383 939 780">
    <p class='ocr_par' dir='ltr' id='par_1_2' title="bbox 93 383 939 780">
     <span class='ocr_line' id='line_1_2' title="bbox 109 383 937 459; baseline -0.005 -13"><span class='ocrx_word' id='word_1_4' title='bbox 109 404 198 446; x_wconf 89' lang='lat' dir='ltr'>suurn</span> <span class='ocrx_word' id='word_1_5' title='bbox 223 399 326 441; x_wconf 83' lang='lat' dir='ltr'>senem</span> <span class='ocrx_word' id='word_1_6' title='bbox 352 385 426 442; x_wconf 72' lang='lat' dir='ltr'>bont</span> <span class='ocrx_word' id='word_1_7' title='bbox 449 385 617 442; x_wconf 83' lang='lat' dir='ltr'>valetudine</span> <span class='ocrx_word' id='word_1_8' title='bbox 641 383 784 459; x_wconf 81' lang='lat' dir='ltr'>gaudere,</span> <span class='ocrx_word' id='word_1_9' title='bbox 806 392 937 442; x_wconf 84' lang='lat' dir='ltr'>matrem</span> 
     </span>
     <span class='ocr_line' id='line_1_3' title="bbox 93 463 938 540; baseline -0.007 -13"><span class='ocrx_word' id='word_1_10' title='bbox 93 464 183 526; x_wconf 52' lang='lat' dir='ltr'>werd</span> <span class='ocrx_word' id='word_1_11' title='bbox 201 464 344 540; x_wconf 77' lang='lat' dir='ltr'>optimam</span> <span class='ocrx_word' id='word_1_12' title='bbox 367 465 485 522; x_wconf 78' lang='lat' dir='ltr'>vixisse.</span> <span class='ocrx_word' id='word_1_13' title='bbox 525 463 737 538; x_wconf 74' lang='lat' dir='ltr'>Quodqutuem</span> <span class='ocrx_word' id='word_1_14' title='bbox 760 463 938 536; x_wconf 56' lang='lat' dir='ltr'>gravissimo</span> 
     </span>
     <span class='ocr_line' id='line_1_4' title="bbox 108 543 939 617; baseline -0.005 -13"><span class='ocrx_word' id='word_1_15' title='bbox 108 563 178 604; x_wconf 82' lang='lat' dir='ltr'>eurn</span> <span class='ocrx_word' id='word_1_16' title='bbox 195 547 295 602; x_wconf 73' lang='lat' dir='ltr'>doinrt¹</span> <span class='ocrx_word' id='word_1_17' title='bbox 317 544 423 602; x_wconf 78' lang='lat' dir='ltr'>affecit.</span> <span class='ocrx_word' id='word_1_18' title='bbox 465 543 531 600; x_wconf 87' lang='lat' dir='ltr'>Jarn</span> <span class='ocrx_word' id='word_1_19' title='bbox 548 544 612 600; x_wconf 85' lang='lat' dir='ltr'>nari</span> <span class='ocrx_word' id='word_1_20' title='bbox 632 543 843 616; x_wconf 77' lang='lat' dir='ltr'>Hanrburgurn</span> <span class='ocrx_word' id='word_1_21' title='bbox 869 561 939 617; x_wconf 86' lang='lat' dir='ltr'>pro·</span> 
     </span>
     <span class='ocr_line' id='line_1_5' title="bbox 107 619 938 699; baseline -0.002 -17"><span class='ocrx_word' id='word_1_22' title='bbox 107 624 215 692; x_wconf 80' lang='lat' dir='ltr'>fertus,</span> <span class='ocrx_word' id='word_1_23' title='bbox 236 636 362 699; x_wconf 88' lang='lat' dir='ltr'>quatuor</span> <span class='ocrx_word' id='word_1_24' title='bbox 378 629 516 680; x_wconf 81' lang='lat' dir='ltr'>horarurn</span> <span class='ocrx_word' id='word_1_25' title='bbox 531 623 625 696; x_wconf 88' lang='lat' dir='ltr'>spatio</span> <span class='ocrx_word' id='word_1_26' title='bbox 639 619 676 678; x_wconf 81' lang='lat' dir='ltr'>ed</span> <span class='ocrx_word' id='word_1_27' title='bbox 693 622 818 678; x_wconf 86' lang='lat' dir='ltr'>advenit.</span> <span class='ocrx_word' id='word_1_28' title='bbox 856 621 938 680; x_wconf 82' lang='lat' dir='ltr'>cum</span> 
     </span>
     <span class='ocr_line' id='line_1_6' title="bbox 109 701 938 780; baseline -0.006 -19"><span class='ocrx_word' id='word_1_29' title='bbox 109 715 254 780; x_wconf 83' lang='lat' dir='ltr'>sequente</span> <span class='ocrx_word' id='word_1_30' title='bbox 269 722 340 760; x_wconf 88' lang='lat' dir='ltr'>caue</span> <span class='ocrx_word' id='word_1_31' title='bbox 356 717 386 760; x_wconf 90' lang='lat' dir='ltr'>et</span> <span class='ocrx_word' id='word_1_32' title='bbox 396 706 527 778; x_wconf 75' lang='lat' dir='ltr'>&#39;psittaco</span> <span class='ocrx_word' id='word_1_33' title='bbox 544 705 668 758; x_wconf 84' lang='lat' dir='ltr'>humero</span> <span class='ocrx_word' id='word_1_34' title='bbox 682 701 822 758; x_wconf 80' lang='lat' dir='ltr'>insidente</span> <span class='ocrx_word' id='word_1_35' title='bbox 838 701 866 758; x_wconf 93' lang='lat' dir='ltr'>in</span> <span class='ocrx_word' id='word_1_36' title='bbox 879 718 938 756; x_wconf 87' lang='lat' dir='ltr'>ter·</span> 
     </span>
    </p>
   </div>
   <div class='ocr_carea' id='block_1_3' title="bbox 108 780 939 1016">
    <p class='ocr_par' dir='ltr' id='par_1_3' title="bbox 108 780 939 1016">
     <span class='ocr_line' id='line_1_7' title="bbox 109 780 939 857; baseline -0.006 -14"><span class='ocrx_word' id='word_1_37' title='bbox 109 801 173 842; x_wconf 81' lang='lat' dir='ltr'>rann</span> <span class='ocrx_word' id='word_1_38' title='bbox 189 785 401 848; x_wconf 84' lang='lat' dir='ltr'>descendisset,</span> <span class='ocrx_word' id='word_1_39' title='bbox 427 800 478 857; x_wconf 88' lang='lat' dir='ltr'>per</span> <span class='ocrx_word' id='word_1_40' title='bbox 500 780 713 838; x_wconf 77' lang='lat' dir='ltr'>circumfusam</span> <span class='ocrx_word' id='word_1_41' title='bbox 736 782 939 853; x_wconf 75' lang='lat' dir='ltr'>spectantium</span> 
     </span>
     <span class='ocr_line' id='line_1_8' title="bbox 109 861 938 936; baseline -0.005 -16"><span class='ocrx_word' id='word_1_42' title='bbox 109 868 228 920; x_wconf 85' lang='lat' dir='ltr'>turbam</span> <span class='ocrx_word' id='word_1_43' title='bbox 241 864 269 919; x_wconf 91' lang='lat' dir='ltr'>in</span> <span class='ocrx_word' id='word_1_44' title='bbox 284 864 444 935; x_wconf 84' lang='lat' dir='ltr'>nospitium</span> <span class='ocrx_word' id='word_1_45' title='bbox 459 863 630 936; x_wconf 81' lang='lat' dir='ltr'>proximum</span> <span class='ocrx_word' id='word_1_46' title='bbox 643 879 675 916; x_wconf 86' lang='lat' dir='ltr'>se</span> <span class='ocrx_word' id='word_1_47' title='bbox 690 864 821 917; x_wconf 76' lang='lat' dir='ltr'>contulit.</span> <span class='ocrx_word' id='word_1_48' title='bbox 864 861 938 916; x_wconf 87' lang='lat' dir='ltr'>Inde</span> 
     </span>
     <span class='ocr_line' id='line_1_9' title="bbox 108 941 938 1016; baseline -0.002 -17"><span class='ocrx_word' id='word_1_49' title='bbox 108 945 217 999; x_wconf 82' lang='lat' dir='ltr'>nuntio</span> <span class='ocrx_word' id='word_1_50' title='bbox 239 947 273 998; x_wconf 86' lang='lat' dir='ltr'>ad</span> <span class='ocrx_word' id='word_1_51' title='bbox 291 955 403 1016; x_wconf 84' lang='lat' dir='ltr'>patrem</span> <span class='ocrx_word' id='word_1_52' title='bbox 420 941 521 1004; x_wconf 81' lang='lat' dir='ltr'>misso,</span> <span class='ocrx_word' id='word_1_53' title='bbox 541 943 657 997; x_wconf 84' lang='lat' dir='ltr'>curavit</span> <span class='ocrx_word' id='word_1_54' title='bbox 673 953 701 995; x_wconf 87' lang='lat' dir='ltr'>ut</span> <span class='ocrx_word' id='word_1_55' title='bbox 727 943 820 996; x_wconf 91' lang='lat' dir='ltr'>bonus</span> <span class='ocrx_word' id='word_1_56' title='bbox 843 958 938 997; x_wconf 81' lang='lat' dir='ltr'>senex</span> 
     </span>
    </p>
   </div>
   <div class='ocr_carea' id='block_1_4' title="bbox 109 1020 1024 1094">
    <p class='ocr_par' dir='ltr' id='par_1_4' title="bbox 109 1020 1024 1094">
     <span class='ocr_line' id='line_1_10' title="bbox 109 1020 1024 1094; baseline -0.004 -16"><span class='ocrx_word' id='word_1_57' title='bbox 109 1026 145 1078; x_wconf 81' lang='lat' dir='ltr'>ad</span> <span class='ocrx_word' id='word_1_58' title='bbox 162 1020 256 1080; x_wconf 81' lang='lat' dir='ltr'>fitium</span> <span class='ocrx_word' id='word_1_59' title='bbox 280 1021 468 1078; x_wconf 81' lang='lat' dir='ltr'>revisendum</span> <span class='ocrx_word' id='word_1_60' title='bbox 492 1023 579 1076; x_wconf 75' lang='lat' dir='ltr'>caute</span> <span class='ocrx_word' id='word_1_61' title='bbox 603 1031 832 1092; x_wconf 85' lang='lat' dir='ltr'>praepararetur;</span> <span class='ocrx_word' id='word_1_62' title='bbox 857 1021 938 1094; x_wconf 93' lang='lat' dir='ltr'>quod</span> <span class='ocrx_word' id='word_1_63' title='bbox 1023 1071 1024 1074; x_wconf 74' lang='grc'>,</span> 
     </span>
    </p>
   </div>
   <div class='ocr_carea' id='block_1_5' title="bbox 99 1099 944 2915">
    <p class='ocr_par' dir='ltr' id='par_1_5' title="bbox 109 1099 818 1174">
     <span class='ocr_line' id='line_1_11' title="bbox 109 1099 818 1174; baseline -0.003 -18"><span class='ocrx_word' id='word_1_64' title='bbox 109 1114 195 1174; x_wconf 85' lang='lat' dir='ltr'>pater</span> <span class='ocrx_word' id='word_1_65' title='bbox 209 1113 297 1160; x_wconf 81' lang='lat' dir='ltr'>tantae</span> <span class='ocrx_word' id='word_1_66' title='bbox 311 1119 367 1157; x_wconf 93' lang='lat' dir='ltr'>non</span> <span class='ocrx_word' id='word_1_67' title='bbox 380 1119 473 1174; x_wconf 80' lang='lat' dir='ltr'>capax</span> <span class='ocrx_word' id='word_1_68' title='bbox 493 1099 603 1158; x_wconf 78' lang='lat' dir='ltr'>laetttiae</span> <span class='ocrx_word' id='word_1_69' title='bbox 618 1101 818 1155; x_wconf 81' lang='lat' dir='ltr'>occubuisset.</span> 
     </span>
    </p>

    <p class='ocr_par' dir='ltr' id='par_1_6' title="bbox 99 1178 939 1730">
     <span class='ocr_line' id='line_1_12' title="bbox 99 1178 937 1254; baseline -0.005 -17"><span class='ocrx_word' id='word_1_70' title='bbox 99 1219 102 1230; x_wconf 79' lang='lat'><strong>·</strong></span> <span class='ocrx_word' id='word_1_71' title='bbox 150 1179 216 1237; x_wconf 86' lang='lat' dir='ltr'>Janr</span> <span class='ocrx_word' id='word_1_72' title='bbox 233 1179 312 1237; x_wconf 81' lang='lat' dir='ltr'>filius</span> <span class='ocrx_word' id='word_1_73' title='bbox 327 1183 390 1254; x_wconf 82' lang='lat' dir='ltr'>ipse</span> <span class='ocrx_word' id='word_1_74' title='bbox 408 1198 461 1253; x_wconf 81' lang='lat' dir='ltr'>per</span> <span class='ocrx_word' id='word_1_75' title='bbox 476 1187 586 1254; x_wconf 78' lang='lat' dir='ltr'>plateas</span> <span class='ocrx_word' id='word_1_76' title='bbox 601 1180 670 1234; x_wconf 84' lang='lat' dir='ltr'>satis</span> <span class='ocrx_word' id='word_1_77' title='bbox 685 1178 741 1234; x_wconf 87' lang='lat' dir='ltr'>sibi</span> <span class='ocrx_word' id='word_1_78' title='bbox 756 1178 889 1252; x_wconf 87' lang='lat' dir='ltr'>cognitas</span> <span class='ocrx_word' id='word_1_79' title='bbox 900 1178 937 1234; x_wconf 87' lang='lat' dir='ltr'>ad</span> 
     </span>
     <span class='ocr_line' id='line_1_13' title="bbox 109 1257 938 1334; baseline -0.001 -19"><span class='ocrx_word' id='word_1_80' title='bbox 109 1261 221 1334; x_wconf 78' lang='lat' dir='ltr'>pantos</span> <span class='ocrx_word' id='word_1_81' title='bbox 236 1272 356 1332; x_wconf 81' lang='lat' dir='ltr'>penates</span> <span class='ocrx_word' id='word_1_82' title='bbox 372 1263 515 1334; x_wconf 75' lang='lat' dir='ltr'>provolat,</span> <span class='ocrx_word' id='word_1_83' title='bbox 534 1259 717 1332; x_wconf 87' lang='lat' dir='ltr'>domumque</span> <span class='ocrx_word' id='word_1_84' title='bbox 732 1273 887 1314; x_wconf 84' lang='lat' dir='ltr'>assecutus</span> <span class='ocrx_word' id='word_1_85' title='bbox 909 1257 938 1314; x_wconf 87' lang='lat' dir='ltr'>in</span> 
     </span>
     <span class='ocr_line' id='line_1_14' title="bbox 110 1335 937 1413; baseline -0.002 -19"><span class='ocrx_word' id='word_1_86' title='bbox 110 1340 202 1413; x_wconf 85' lang='lat' dir='ltr'>patris</span> <span class='ocrx_word' id='word_1_87' title='bbox 217 1339 325 1413; x_wconf 85' lang='lat' dir='ltr'>gaudio</span> <span class='ocrx_word' id='word_1_88' title='bbox 338 1339 512 1412; x_wconf 81' lang='lat' dir='ltr'>trepidantis</span> <span class='ocrx_word' id='word_1_89' title='bbox 526 1342 684 1410; x_wconf 75' lang='lat' dir='ltr'>amplexus</span> <span class='ocrx_word' id='word_1_90' title='bbox 699 1337 757 1393; x_wconf 90' lang='lat' dir='ltr'>ruit</span> <span class='ocrx_word' id='word_1_91' title='bbox 799 1339 827 1393; x_wconf 84' lang='lat' dir='ltr'>t)</span> <span class='ocrx_word' id='word_1_92' title='bbox 842 1335 937 1410; x_wconf 85' lang='lat' dir='ltr'>pater!</span> 
     </span>
     <span class='ocr_line' id='line_1_15' title="bbox 109 1415 939 1490; baseline -0.002 -16"><span class='ocrx_word' id='word_1_93' title='bbox 109 1437 128 1474; x_wconf 91' lang='lat' dir='ltr'>o</span> <span class='ocrx_word' id='word_1_94' title='bbox 142 1415 195 1473; x_wconf 86' lang='lat' dir='ltr'>fiir!</span> <span class='ocrx_word' id='word_1_95' title='bbox 213 1427 277 1475; x_wconf 84' lang='lat' dir='ltr'>naec</span> <span class='ocrx_word' id='word_1_96' title='bbox 292 1415 405 1475; x_wconf 85' lang='lat' dir='ltr'>tannim</span> <span class='ocrx_word' id='word_1_97' title='bbox 421 1421 507 1474; x_wconf 88' lang='lat' dir='ltr'>ambo</span> <span class='ocrx_word' id='word_1_98' title='bbox 521 1415 618 1490; x_wconf 81' lang='lat' dir='ltr'>eloqui</span> <span class='ocrx_word' id='word_1_99' title='bbox 637 1429 805 1490; x_wconf 78' lang='lat' dir='ltr'>potuerunt.</span> <span class='ocrx_word' id='word_1_100' title='bbox 848 1415 939 1484; x_wconf 90' lang='lat' dir='ltr'>Muti,</span> 
     </span>
     <span class='ocr_line' id='line_1_16' title="bbox 109 1494 939 1572; baseline -0.004 -18"><span class='ocrx_word' id='word_1_101' title='bbox 109 1499 229 1570; x_wconf 77' lang='lat' dir='ltr'>trepidi,</span> <span class='ocrx_word' id='word_1_102' title='bbox 244 1498 409 1572; x_wconf 73' lang='lat' dir='ltr'>spirituque</span> <span class='ocrx_word' id='word_1_103' title='bbox 421 1498 591 1562; x_wconf 84' lang='lat' dir='ltr'>intercluso,</span> <span class='ocrx_word' id='word_1_104' title='bbox 606 1497 680 1552; x_wconf 88' lang='lat' dir='ltr'>alter</span> <span class='ocrx_word' id='word_1_105' title='bbox 693 1494 844 1552; x_wconf 62' lang='lat' dir='ltr'>atterius&amp;</span> <span class='ocrx_word' id='word_1_106' title='bbox 860 1497 939 1551; x_wconf 84' lang='lat' dir='ltr'>coilo</span> 
     </span>
     <span class='ocr_line' id='line_1_17' title="bbox 110 1577 938 1650; baseline 0 -18"><span class='ocrx_word' id='word_1_107' title='bbox 110 1577 249 1650; x_wconf 86' lang='lat' dir='ltr'>pendent,</span> <span class='ocrx_word' id='word_1_108' title='bbox 266 1581 358 1634; x_wconf 78' lang='lat' dir='ltr'>donec</span> <span class='ocrx_word' id='word_1_109' title='bbox 374 1595 419 1633; x_wconf 83' lang='lat' dir='ltr'>rrs</span> <span class='ocrx_word' id='word_1_110' title='bbox 441 1578 567 1649; x_wconf 77' lang='lat' dir='ltr'>benigna</span> <span class='ocrx_word' id='word_1_111' title='bbox 590 1577 788 1650; x_wconf 83' lang='lat' dir='ltr'>lacrymarum</span> <span class='ocrx_word' id='word_1_112' title='bbox 804 1577 938 1632; x_wconf 83' lang='lat' dir='ltr'>atrimum</span> 
     </span>
     <span class='ocr_line' id='line_1_18' title="bbox 110 1657 591 1730; baseline -0.006 -18"><span class='ocrx_word' id='word_1_113' title='bbox 110 1657 266 1730; x_wconf 85' lang='lat' dir='ltr'>utriusque</span> <span class='ocrx_word' id='word_1_114' title='bbox 281 1673 458 1730; x_wconf 76' lang='lat' dir='ltr'>‹appressum</span> <span class='ocrx_word' id='word_1_115' title='bbox 474 1657 591 1712; x_wconf 88' lang='lat' dir='ltr'>levavit.</span> 
     </span>
    </p>

    <p class='ocr_par' dir='ltr' id='par_1_7' title="bbox 109 1733 939 2207">
     <span class='ocr_line' id='line_1_19' title="bbox 151 1733 938 1810; baseline 0 -20"><span class='ocrx_word' id='word_1_116' title='bbox 151 1733 271 1792; x_wconf 71' lang='lat' dir='ltr'>tornea</span> <span class='ocrx_word' id='word_1_117' title='bbox 282 1737 390 1804; x_wconf 80' lang='lat' dir='ltr'>Friday</span> <span class='ocrx_word' id='word_1_118' title='bbox 403 1736 524 1792; x_wconf 75' lang='lat' dir='ltr'>miratur</span> <span class='ocrx_word' id='word_1_119' title='bbox 537 1733 725 1810; x_wconf 79' lang='lat' dir='ltr'><strong>frequentem</strong></span> <span class='ocrx_word' id='word_1_120' title='bbox 736 1735 823 1791; x_wconf 86' lang='lat' dir='ltr'>tectis</span> <span class='ocrx_word' id='word_1_121' title='bbox 832 1735 938 1790; x_wconf 91' lang='lat' dir='ltr'>urbem</span> 
     </span>
     <span class='ocr_line' id='line_1_20' title="bbox 109 1814 938 1889; baseline 0.001 -19"><span class='ocrx_word' id='word_1_122' title='bbox 109 1824 272 1889; x_wconf 67' lang='lat' dir='ltr'>stupetque</span> <span class='ocrx_word' id='word_1_123' title='bbox 287 1814 398 1871; x_wconf 82' lang='lat' dir='ltr'>inhians</span> <span class='ocrx_word' id='word_1_124' title='bbox 419 1815 573 1871; x_wconf 83' lang='lat' dir='ltr'>innumera</span> <span class='ocrx_word' id='word_1_125' title='bbox 588 1832 688 1869; x_wconf 89' lang='lat' dir='ltr'>rerum</span> <span class='ocrx_word' id='word_1_126' title='bbox 705 1815 845 1870; x_wconf 83' lang='lat' dir='ltr'>miracula</span> <span class='ocrx_word' id='word_1_127' title='bbox 868 1831 938 1888; x_wconf 89' lang='lat' dir='ltr'>quae</span> 
     </span>
     <span class='ocr_line' id='line_1_21' title="bbox 110 1891 939 1969; baseline 0 -21"><span class='ocrx_word' id='word_1_128' title='bbox 110 1909 189 1948; x_wconf 88' lang='lat' dir='ltr'>nunc</span> <span class='ocrx_word' id='word_1_129' title='bbox 216 1896 344 1969; x_wconf 86' lang='lat' dir='ltr'>undique</span> <span class='ocrx_word' id='word_1_130' title='bbox 370 1895 465 1950; x_wconf 84' lang='lat' dir='ltr'>oculis</span> <span class='ocrx_word' id='word_1_131' title='bbox 487 1895 689 1950; x_wconf 79' lang='lat' dir='ltr'>obversantur.</span> <span class='ocrx_word' id='word_1_132' title='bbox 730 1891 868 1952; x_wconf 85' lang='lat' dir='ltr'>Quorum</span> <span class='ocrx_word' id='word_1_133' title='bbox 892 1912 939 1948; x_wconf 86' lang='lat' dir='ltr'>as·</span> 
     </span>
     <span class='ocr_line' id='line_1_22' title="bbox 111 1973 939 2046; baseline 0.002 -20"><span class='ocrx_word' id='word_1_134' title='bbox 111 1989 201 2045; x_wconf 79' lang='lat' dir='ltr'>pecto</span> <span class='ocrx_word' id='word_1_135' title='bbox 224 1974 322 2029; x_wconf 81' lang='lat' dir='ltr'>satiari</span> <span class='ocrx_word' id='word_1_136' title='bbox 345 1992 400 2030; x_wconf 87' lang='lat' dir='ltr'>nun</span> <span class='ocrx_word' id='word_1_137' title='bbox 422 1975 525 2046; x_wconf 87' lang='lat' dir='ltr'>potuit.</span> <span class='ocrx_word' id='word_1_138' title='bbox 570 1977 614 2030; x_wconf 77' lang='lat' dir='ltr'>Ac</span> <span class='ocrx_word' id='word_1_139' title='bbox 638 1973 734 2046; x_wconf 87' lang='lat' dir='ltr'>primo</span> <span class='ocrx_word' id='word_1_140' title='bbox 755 1973 802 2027; x_wconf 90' lang='lat' dir='ltr'>die</span> <span class='ocrx_word' id='word_1_141' title='bbox 826 1975 939 2029; x_wconf 78' lang='lat' dir='ltr'>nullam</span> 
     </span>
     <span class='ocr_line' id='line_1_23' title="bbox 112 2051 939 2127; baseline 0 -21"><span class='ocrx_word' id='word_1_142' title='bbox 112 2068 176 2106; x_wconf 85' lang='lat' dir='ltr'>rem</span> <span class='ocrx_word' id='word_1_143' title='bbox 189 2053 225 2106; x_wconf 88' lang='lat' dir='ltr'>ab</span> <span class='ocrx_word' id='word_1_144' title='bbox 237 2055 292 2108; x_wconf 72' lang='lat' dir='ltr'>alia</span> <span class='ocrx_word' id='word_1_145' title='bbox 303 2051 510 2127; x_wconf 77' lang='lat' dir='ltr'>distinguebat.</span> <span class='ocrx_word' id='word_1_146' title='bbox 527 2054 604 2109; x_wconf 71' lang='lat' dir='ltr'>tanta</span> <span class='ocrx_word' id='word_1_147' title='bbox 614 2052 703 2118; x_wconf 81' lang='lat' dir='ltr'>animi</span> <span class='ocrx_word' id='word_1_148' title='bbox 718 2052 939 2114; x_wconf 84' lang='lat' dir='ltr'>uerturbatioue</span> 
     </span>
     <span class='ocr_line' id='line_1_24' title="bbox 112 2131 713 2207; baseline 0.002 -21"><span class='ocrx_word' id='word_1_149' title='bbox 112 2144 234 2186; x_wconf 77' lang='lat' dir='ltr'>utesaet</span> <span class='ocrx_word' id='word_1_150' title='bbox 247 2132 331 2207; x_wconf 83' lang='lat' dir='ltr'>quasi</span> <span class='ocrx_word' id='word_1_151' title='bbox 350 2135 438 2187; x_wconf 80' lang='lat' dir='ltr'>hebes</span> <span class='ocrx_word' id='word_1_152' title='bbox 454 2132 549 2187; x_wconf 88' lang='lat' dir='ltr'>oeulis</span> <span class='ocrx_word' id='word_1_153' title='bbox 563 2146 592 2187; x_wconf 90' lang='lat' dir='ltr'>et</span> <span class='ocrx_word' id='word_1_154' title='bbox 606 2131 713 2187; x_wconf 87' lang='lat' dir='ltr'>animo.</span> 
     </span>
    </p>

    <p class='ocr_par' dir='ltr' id='par_1_8' title="bbox 112 2209 944 2915">
     <span class='ocr_line' id='line_1_25' title="bbox 154 2209 939 2284; baseline 0.004 -19"><span class='ocrx_word' id='word_1_155' title='bbox 154 2209 241 2266; x_wconf 85' lang='lat' dir='ltr'>Pater</span> <span class='ocrx_word' id='word_1_156' title='bbox 258 2213 431 2266; x_wconf 73' lang='lat' dir='ltr'>Robinsonis</span> <span class='ocrx_word' id='word_1_157' title='bbox 444 2209 558 2268; x_wconf 87' lang='lat' dir='ltr'>institor</span> <span class='ocrx_word' id='word_1_158' title='bbox 569 2225 640 2268; x_wconf 87' lang='lat' dir='ltr'>erat.</span> <span class='ocrx_word' id='word_1_159' title='bbox 683 2211 844 2284; x_wconf 76' lang='lat' dir='ltr'>Propterea</span> <span class='ocrx_word' id='word_1_160' title='bbox 857 2223 939 2284; x_wconf 83' lang='lat' dir='ltr'>opta·</span> 
     </span>
     <span class='ocr_line' id='line_1_26' title="bbox 113 2287 941 2364; baseline 0.004 -19"><span class='ocrx_word' id='word_1_161' title='bbox 113 2287 154 2345; x_wconf 85' lang='lat' dir='ltr'>vit</span> <span class='ocrx_word' id='word_1_162' title='bbox 169 2303 199 2344; x_wconf 90' lang='lat' dir='ltr'>ut</span> <span class='ocrx_word' id='word_1_163' title='bbox 217 2287 295 2346; x_wconf 77' lang='lat' dir='ltr'>fitius</span> <span class='ocrx_word' id='word_1_164' title='bbox 309 2293 337 2346; x_wconf 88' lang='lat' dir='ltr'>in</span> <span class='ocrx_word' id='word_1_165' title='bbox 354 2293 520 2348; x_wconf 71' lang='lat' dir='ltr'>mercatura</span> <span class='ocrx_word' id='word_1_166' title='bbox 536 2301 739 2352; x_wconf 84' lang='lat' dir='ltr'>exerceretur,</span> <span class='ocrx_word' id='word_1_167' title='bbox 752 2307 844 2364; x_wconf 76' lang='lat' dir='ltr'>seque</span> <span class='ocrx_word' id='word_1_168' title='bbox 861 2309 941 2364; x_wconf 84' lang='lat' dir='ltr'>prae·</span> 
     </span>
     <span class='ocr_line' id='line_1_27' title="bbox 112 2369 942 2444; baseline 0.001 -20"><span class='ocrx_word' id='word_1_169' title='bbox 112 2379 205 2424; x_wconf 75' lang='lat' dir='ltr'>uteret</span> <span class='ocrx_word' id='word_1_170' title='bbox 221 2380 289 2426; x_wconf 80' lang='lat' dir='ltr'>euin</span> <span class='ocrx_word' id='word_1_171' title='bbox 302 2371 354 2444; x_wconf 86' lang='lat' dir='ltr'>qui</span> <span class='ocrx_word' id='word_1_172' title='bbox 370 2370 424 2426; x_wconf 85' lang='lat' dir='ltr'>sibi</span> <span class='ocrx_word' id='word_1_173' title='bbox 440 2369 579 2426; x_wconf 83' lang='lat' dir='ltr'>defuncto</span> <span class='ocrx_word' id='word_1_174' title='bbox 600 2373 786 2430; x_wconf 79' lang='lat' dir='ltr'>succederet.</span> <span class='ocrx_word' id='word_1_175' title='bbox 829 2371 942 2425; x_wconf 82' lang='lat' dir='ltr'>Robin-</span> 
     </span>
     <span class='ocr_line' id='line_1_28' title="bbox 113 2447 942 2522; baseline 0.008 -23"><span class='ocrx_word' id='word_1_176' title='bbox 113 2465 164 2500; x_wconf 80' lang='lat' dir='ltr'>ror</span> <span class='ocrx_word' id='word_1_177' title='bbox 181 2447 252 2504; x_wconf 72' lang='lat' dir='ltr'>verb</span> <span class='ocrx_word' id='word_1_178' title='bbox 266 2449 357 2504; x_wconf 86' lang='lat' dir='ltr'>labori</span> <span class='ocrx_word' id='word_1_179' title='bbox 372 2451 583 2506; x_wconf 79' lang='lat' dir='ltr'>consuetudine</span> <span class='ocrx_word' id='word_1_180' title='bbox 595 2449 749 2505; x_wconf 88' lang='lat' dir='ltr'>induratus</span> <span class='ocrx_word' id='word_1_181' title='bbox 764 2461 879 2522; x_wconf 83' lang='lat' dir='ltr'>patrem</span> <span class='ocrx_word' id='word_1_182' title='bbox 896 2467 942 2506; x_wconf 90' lang='lat' dir='ltr'>ro·</span> 
     </span>
     <span class='ocr_line' id='line_1_29' title="bbox 115 2527 940 2598; baseline 0.008 -20"><span class='ocrx_word' id='word_1_183' title='bbox 115 2539 205 2598; x_wconf 81' lang='lat' dir='ltr'>garn,</span> <span class='ocrx_word' id='word_1_184' title='bbox 227 2543 258 2582; x_wconf 89' lang='lat' dir='ltr'>ut</span> <span class='ocrx_word' id='word_1_185' title='bbox 274 2527 328 2583; x_wconf 88' lang='lat' dir='ltr'>sibi</span> <span class='ocrx_word' id='word_1_186' title='bbox 344 2527 446 2584; x_wconf 84' lang='lat' dir='ltr'>liceret</span> <span class='ocrx_word' id='word_1_187' title='bbox 462 2528 681 2584; x_wconf 85' lang='lat' dir='ltr'>scriniariorum</span> <span class='ocrx_word' id='word_1_188' title='bbox 695 2541 790 2584; x_wconf 88' lang='lat' dir='ltr'>artem</span> <span class='ocrx_word' id='word_1_189' title='bbox 813 2528 940 2585; x_wconf 83' lang='lat' dir='ltr'>discere.</span> 
     </span>
     <span class='ocr_line' id='line_1_30' title="bbox 114 2603 941 2684; baseline 0.01 -26"><span class='ocrx_word' id='word_1_190' title='bbox 114 2603 220 2676; x_wconf 84' lang='lat' dir='ltr'>ltaque</span> <span class='ocrx_word' id='word_1_191' title='bbox 242 2623 312 2660; x_wconf 89' lang='lat' dir='ltr'>curn</span> <span class='ocrx_word' id='word_1_192' title='bbox 336 2606 416 2662; x_wconf 85' lang='lat' dir='ltr'>socio</span> <span class='ocrx_word' id='word_1_193' title='bbox 430 2607 572 2664; x_wconf 81' lang='lat' dir='ltr'>scriniarii</span> <span class='ocrx_word' id='word_1_194' title='bbox 593 2607 750 2684; x_wconf 78' lang='lat' dir='ltr'>cujusdam</span> <span class='ocrx_word' id='word_1_195' title='bbox 773 2607 941 2681; x_wconf 73' lang='lat' dir='ltr'>disciplinae</span> 
     </span>
     <span class='ocr_line' id='line_1_31' title="bbox 114 2682 942 2756; baseline 0.008 -20"><span class='ocrx_word' id='word_1_196' title='bbox 114 2697 147 2736; x_wconf 90' lang='lat' dir='ltr'>se</span> <span class='ocrx_word' id='word_1_197' title='bbox 158 2682 284 2748; x_wconf 87' lang='lat' dir='ltr'>tradidit,</span> <span class='ocrx_word' id='word_1_198' title='bbox 296 2695 383 2756; x_wconf 89' lang='lat' dir='ltr'>atque</span> <span class='ocrx_word' id='word_1_199' title='bbox 392 2683 467 2740; x_wconf 84' lang='lat' dir='ltr'>intra</span> <span class='ocrx_word' id='word_1_200' title='bbox 478 2687 565 2742; x_wconf 86' lang='lat' dir='ltr'>unius</span> <span class='ocrx_word' id='word_1_201' title='bbox 576 2687 641 2742; x_wconf 90' lang='lat' dir='ltr'>anni</span> <span class='ocrx_word' id='word_1_202' title='bbox 654 2687 848 2746; x_wconf 83' lang='lat' dir='ltr'>curriculum,</span> <span class='ocrx_word' id='word_1_203' title='bbox 862 2700 942 2744; x_wconf 93' lang='lat' dir='ltr'>uter·</span> 
     </span>
     <span class='ocr_line' id='line_1_32' title="bbox 114 2759 943 2840; baseline 0.01 -27"><span class='ocrx_word' id='word_1_204' title='bbox 114 2775 173 2831; x_wconf 93' lang='lat' dir='ltr'>que</span> <span class='ocrx_word' id='word_1_205' title='bbox 189 2759 216 2814; x_wconf 90' lang='lat' dir='ltr'>iu</span> <span class='ocrx_word' id='word_1_206' title='bbox 231 2763 266 2816; x_wconf 69' lang='lat' dir='ltr'>aa</span> <span class='ocrx_word' id='word_1_207' title='bbox 281 2774 343 2815; x_wconf 85' lang='lat' dir='ltr'>arte</span> <span class='ocrx_word' id='word_1_208' title='bbox 357 2760 470 2818; x_wconf 75' lang='lat' dir='ltr'>tantum</span> <span class='ocrx_word' id='word_1_209' title='bbox 487 2765 652 2836; x_wconf 81' lang='lat' dir='ltr'>profecerat</span> <span class='ocrx_word' id='word_1_210' title='bbox 668 2775 698 2819; x_wconf 84' lang='lat' dir='ltr'>ut</span> <span class='ocrx_word' id='word_1_211' title='bbox 714 2764 770 2836; x_wconf 83' lang='lat' dir='ltr'>ipsi</span> <span class='ocrx_word' id='word_1_212' title='bbox 784 2767 943 2840; x_wconf 81' lang='lat' dir='ltr'>magistro·</span> 
     </span>
     <span class='ocr_line' id='line_1_33' title="bbox 115 2838 944 2915; baseline 0.01 -23"><span class='ocrx_word' id='word_1_213' title='bbox 115 2851 182 2892; x_wconf 86' lang='lat' dir='ltr'>rurn</span> <span class='ocrx_word' id='word_1_214' title='bbox 197 2838 370 2907; x_wconf 74' lang='lat' dir='ltr'>dignitatern</span> <span class='ocrx_word' id='word_1_215' title='bbox 394 2857 633 2915; x_wconf 87' lang='lat' dir='ltr'>assequerentur.</span> <span class='ocrx_word' id='word_1_216' title='bbox 674 2841 745 2914; x_wconf 88' lang='lat' dir='ltr'>Qno</span> <span class='ocrx_word' id='word_1_217' title='bbox 768 2843 857 2908; x_wconf 82' lang='lat' dir='ltr'>facto,</span> <span class='ocrx_word' id='word_1_218' title='bbox 880 2845 944 2900; x_wconf 88' lang='lat' dir='ltr'>offi-</span> 
     </span>
    </p>
   </div>
   <div class='ocr_carea' id='block_1_6' title="bbox 106 2912 1024 2988">
    <p class='ocr_par' dir='ltr' id='par_1_9' title="bbox 106 2912 1024 2988">
     <span class='ocr_line' id='line_1_34' title="bbox 106 2912 1024 2988; baseline 0.012 -20"><span class='ocrx_word' id='word_1_219' title='bbox 106 2912 346 2972; x_wconf 64' lang='lat' dir='ltr'>uindemiarum</span> <span class='ocrx_word' id='word_1_220' title='bbox 360 2917 502 2984; x_wconf 77' lang='lat' dir='ltr'>instituta,</span> <span class='ocrx_word' id='word_1_221' title='bbox 524 2922 684 2978; x_wconf 78' lang='lat' dir='ltr'>amicitiant</span> <span class='ocrx_word' id='word_1_222' title='bbox 704 2922 838 2988; x_wconf 73' lang='lat' dir='ltr'>interae,</span> <span class='ocrx_word' id='word_1_223' title='bbox 861 2939 944 2980; x_wconf 84' lang='lat' dir='ltr'>sum·</span> <span class='ocrx_word' id='word_1_224' title='bbox 1023 2915 1024 2920; x_wconf 8' lang='grc' dir='ltr'>ἵ</span> 
     </span>
    </p>
   </div>
   <div class='ocr_carea' id='block_1_7' title="bbox 115 2994 944 3154">
    <p class='ocr_par' dir='ltr' id='par_1_10' title="bbox 115 2994 944 3154">
     <span class='ocr_line' id='line_1_35' title="bbox 115 2994 944 3073; baseline 0.022 -33"><span class='ocrx_word' id='word_1_225' title='bbox 115 3003 166 3041; x_wconf 86' lang='lat' dir='ltr'>rno</span> <span class='ocrx_word' id='word_1_226' title='bbox 180 2994 344 3050; x_wconf 80' lang='lat' dir='ltr'>stndiortnn</span> <span class='ocrx_word' id='word_1_227' title='bbox 360 3001 605 3073; x_wconf 74' lang='lat' dir='ltr'>voluntatumque</span> <span class='ocrx_word' id='word_1_228' title='bbox 620 3017 776 3064; x_wconf 83' lang='lat' dir='ltr'>consensu,</span> <span class='ocrx_word' id='word_1_229' title='bbox 790 3007 824 3056; x_wconf 89' lang='lat' dir='ltr'>ad</span> <span class='ocrx_word' id='word_1_230' title='bbox 841 3015 944 3058; x_wconf 85' lang='lat' dir='ltr'>extre-</span> 
     </span>
     <span class='ocr_line' id='line_1_36' title="bbox 149 3073 944 3154; baseline 0.024 -34"><span class='ocrx_word' id='word_1_231' title='bbox 149 3081 201 3124; x_wconf 85' lang='lat' dir='ltr'>urn</span> <span class='ocrx_word' id='word_1_232' title='bbox 216 3073 285 3128; x_wconf 84' lang='lat' dir='ltr'>ritae</span> <span class='ocrx_word' id='word_1_233' title='bbox 297 3073 377 3130; x_wconf 86' lang='lat' dir='ltr'>diem</span> <span class='ocrx_word' id='word_1_234' title='bbox 389 3079 554 3132; x_wconf 74' lang='lat' dir='ltr'>coluerunt.</span> <span class='ocrx_word' id='word_1_235' title='bbox 596 3077 637 3136; x_wconf 88' lang='lat' dir='ltr'>Et</span> <span class='ocrx_word' id='word_1_236' title='bbox 650 3079 694 3136; x_wconf 88' lang='lat' dir='ltr'>sie</span> <span class='ocrx_word' id='word_1_237' title='bbox 708 3083 855 3154; x_wconf 78' lang='lat' dir='ltr'>perpetua</span> <span class='ocrx_word' id='word_1_238' title='bbox 867 3097 944 3139; x_wconf 86' lang='lat' dir='ltr'>tran·</span> 
     </span>
    </p>
   </div>
   <div class='ocr_carea' id='block_1_8' title="bbox 0 0 1046 3278">
    <p class='ocr_par' dir='ltr' id='par_1_11' title="bbox 0 0 1046 3278">
     <span class='ocr_line' id='line_1_37' title="bbox 0 0 1046 3278; baseline 0 0"><span class='ocrx_word' id='word_1_239' title='bbox 0 0 1046 3278; x_wconf 95' lang='lat' dir='ltr'> </span> 
     </span>
    </p>
   </div>
  </div>
 </body>
</html>
