2048 3288
113 197 149 277 aa
351 195 511 270 nosrasou
533 227 705 270 cnusoaus.

112 323 234 384 obstitit.
274 318 398 395 Quippe
415 320 466 378 vix
490 337 625 396 egresso,
649 317 748 376 subito
773 316 948 396 regredien-

112 410 184 466 dum
200 403 266 471 fuit;
290 400 406 458 scilicet
420 400 518 458 imber
532 401 611 457 tanta
627 399 655 457 vi
676 401 714 456 de
730 402 809 458 coelo
832 400 949 466 ruebat,

113 497 147 543 ut
161 486 242 540 nulla
257 498 328 558 spen
342 494 423 538 esset
437 477 515 538 loris
529 478 627 538 eundi.
662 479 766 556 ltaque
781 490 949 555 expectare

115 565 217 623 statuit
243 565 338 620 ‹lonec
363 571 528 636 tempestas
552 559 700 618 desiisset.
742 561 852 617 Imbris
876 555 949 614 verb

114 643 256 702 violentia
270 651 358 700 aucta
372 651 428 698 est.
460 640 596 715 Fulgura
610 636 732 716 qudque
744 640 785 698 ita
798 639 950 697 micabant

115 736 148 782 ut
162 735 222 782 tota
237 722 322 800 quasi
336 721 454 778 arderet
469 723 620 794 spelunca.
663 721 747 778 Tum
761 721 889 777 tonitrua
902 735 950 774 se·

115 807 283 880 quebantur
296 801 395 876 qualia
418 817 572 875 nunquam
587 799 731 858 audierat.
773 801 871 857 Terra
884 798 951 874 ipsa

115 883 358 948 contremiscere,
373 892 550 956 montesque
565 879 605 936 ita
620 883 753 950 reboare,
774 891 807 938 ut
821 877 951 954 fragoris

115 963 203 1024 istius
216 963 319 1020 nullus
333 959 400 1018 finis
415 959 535 1018 iuturus
549 977 616 1018 esse
631 959 793 1018 videretur.

156 1042 236 1102 Caini
255 1044 405 1097 Robinson
420 1040 580 1098 liberaliter
595 1058 652 1098 nnn
665 1039 772 1099 fuisset
787 1039 953 1108 institutus,

117 1126 284 1182 lrumanum
298 1132 363 1178 erat
384 1120 525 1178 timorem
541 1137 650 1178 vanum
672 1132 702 1178 et
720 1121 828 1179 anilem
851 1118 952 1178 couci·

140 1222 200 1261 ere.
542 1258 544 1262 .

116 1222 138 1281 p
159 1281 289 1340 Sedebat
303 1279 354 1338 ille
369 1281 398 1338 in
413 1282 525 1357 angulo
538 1281 704 1356 speluncae,
723 1281 835 1361 junctis
857 1278 953 1338 mani-

117 1365 185 1431 bus,
200 1360 398 1438 praesenribus
420 1361 558 1436 graviora
579 1379 647 1438 quae
667 1375 866 1438 sequerentur
888 1378 952 1418 me·
1011 1349 1012 1376 ³

117 1455 215 1503 tuens.
259 1441 382 1498 interim
406 1441 503 1499 imber
527 1441 681 1517 ingruere,
704 1443 826 1520 fulgura
848 1459 953 1498 corus·

120 1543 199 1593 care,
214 1522 343 1579 tonitrua
359 1519 507 1598 perpetud
530 1539 676 1580 resonare.
720 1522 954 1598 Appropinqua·

119 1606 169 1661 bat
181 1607 252 1659 bora
264 1601 436 1670 meridiana,
446 1603 576 1658 necdum
589 1603 753 1678 tempestas
764 1602 953 1660 desaevierat.

121 1683 189 1740 Nec
215 1683 281 1756 ipsc
310 1681 434 1756 quidem
459 1680 590 1738 multum
616 1683 764 1740 esuriebat
790 1683 954 1749 Robinson,
1010 1715 1011 1738 r

121 1764 234 1840 quippe
249 1760 299 1818 cui
312 1761 423 1817 laniem
439 1779 559 1817 omnem
574 1779 668 1837 angor
681 1763 856 1829 exemisset;
877 1759 953 1818 oded
1010 1759 1011 1806 i

121 1845 207 1902 tetris
219 1839 448 1918 cogitationibus
463 1839 704 1900 excruciabatur.

163 1923 256 1980 Venit
272 1923 340 1978 sane
356 1920 430 1989 dics,
449 1919 554 1978 aitille
572 1937 689 1991 secum,
712 1922 742 1980 in
757 1924 817 1998 qud
839 1922 955 1998 placuit

121 2001 191 2060 Deo
215 2013 372 2076 parentum
388 2001 477 2058 ultori
499 2017 604 2076 poenas
623 2000 704 2060 ame
727 2014 876 2077 repetere;
899 2021 955 2060 nec
1009 2065 1010 2068 Ἴ

122 2080 234 2140 diutius
248 2081 298 2138 ille
313 2083 435 2155 paterna
450 2099 499 2137 rne
511 2081 654 2140 charitate
670 2095 778 2141 tuetur.
821 2083 956 2141 Pereun·
1009 2107 1010 2136 r

122 2164 194 2220 dum
210 2161 284 2218 mini
298 2174 353 2229 esu
367 2177 519 2237 nunquam
534 2179 593 2238 ego
607 2175 746 2238 parentes
759 2164 887 2222 miseros
909 2181 956 2220 re·

40 2295 42 2300 ,
123 2244 229 2302 visam.

165 2323 250 2380 Dum
265 2323 331 2380 lraec
354 2338 460 2378 secum
474 2319 540 2398 ipse
556 2321 648 2380 tristis
669 2324 769 2390 volvit,
794 2323 854 2380 vim
880 2336 957 2382 tem·

123 2419 225 2480 pestas
240 2400 375 2468 remittit,
397 2413 428 2458 et
449 2399 513 2480 jam
529 2420 599 2476 spes
621 2405 798 2459 Roltnaom'a
819 2406 956 2462 animum
1008 2391 1009 2420 ¹

124 2493 251 2550 recreat;
275 2495 342 2539 tum
363 2481 457 2558 igitur
480 2482 507 2538 in
531 2483 609 2539 viam
628 2502 660 2539 se
685 2485 819 2542 conl'erre
844 2485 958 2542 statuit.

123 2561 204 2624 Cum
219 2573 319 2618 autem
334 2562 364 2619 in
378 2579 415 2617 co
430 2572 509 2619 essct
530 2576 564 2619 ut
578 2581 682 2637 peram
701 2564 894 2638 securimque
910 2581 957 2622 ar·

122 2641 245 2718 riperet,
258 2657 331 2698 ecce
348 2638 517 2710 subita...
539 2643 693 2702 Attonitus
709 2645 860 2702 interram
888 2661 957 2720 pro·
1007 2663 1008 2668 ¹

124 2723 208 2780 cidit.

164 2799 288 2861 Scilicet
301 2799 390 2857 arbor
403 2801 557 2876 speluncae
572 2803 732 2863 imminens
747 2801 873 2862 fulmine
888 2803 959 2872 icta,

123 2895 204 2940 tanto
219 2880 337 2955 fragore
351 2879 485 2954 disrupta
500 2895 546 2938 est
561 2897 593 2940 ut
605 2887 754 2940 Robinson
767 2885 958 2942 exanimatus

122 2981 155 3020 se
170 2963 272 3038 ipsum
287 2959 481 3023 interemtum
496 2973 623 3035 putaret.
667 2961 729 3021 Ditl
752 2964 844 3022 etiam
866 2981 957 3022 sensu

121 3039 208 3117 plane
223 3039 462 3119 ornatoajaeuit.
505 3041 644 3103 'landam
665 3041 736 3102 calm
757 3043 959 3104 intellexisset
