2068 3278
140 209 190 262 tra
385 189 540 260 amisson
562 219 728 264 crusonus.

136 310 254 386 Reliqui
267 310 327 366 duc
340 310 475 366 matribus
499 313 620 368 sublatis
640 311 655 370 d
678 313 746 368 Deo
758 309 899 378 auxilium
914 322 944 370 et

134 393 259 448 salutem
282 402 382 464 petere
410 389 589 448 videbantur.
629 389 747 463 Quibus
771 390 945 464 conspectis,

135 471 285 526 Robinson
298 468 485 543 perturbatus
500 485 529 524 et
543 488 654 544 anceps,
664 470 776 527 consilii
792 471 880 526 stetit.
906 473 947 528 Ar

133 545 216 605 brevi
240 563 294 604 non
317 548 377 603 sine
400 547 518 603 horrore
534 549 612 606 ridet
627 551 779 607 nonnullos
792 562 947 621 nautarum

133 627 243 684 strictis
257 627 363 701 gladiis
376 639 480 681 necem
498 631 613 702 captivo
627 628 853 694 intentamente
867 629 947 686 deio-

132 705 167 762 de
183 708 276 764 tribus
291 703 414 780 captivis
423 704 540 762 relictis
559 708 728 780 proximum
752 717 887 780 petentes
900 725 948 764 ne·

132 803 211 842 mus.
252 785 299 841 llli
326 787 435 840 interea
466 787 605 842 sedebant
632 799 737 842 moesto
769 785 948 862 dejectoque
1016 807 1017 818 ¹

133 867 227 924 vultu,
241 865 276 920 ad
300 861 492 938 cogitationes
507 865 578 939 quid
595 863 698 920 deinde
717 863 853 922 futurum
867 879 946 922 esset

131 943 232 999 dolore
246 959 397 1000 eurrrerso.
438 941 518 1000 Tum
533 947 679 1001 Robinson
704 942 793 1020 eujus
815 943 844 1000 in
866 958 950 1001 mend

132 1030 192 1078 tem
216 1021 318 1080 alienis
338 1019 424 1078 malis
447 1023 562 1096 propria
585 1025 805 1087 revocabantur,
826 1023 947 1081 miseris

131 1097 197 1157 istis
211 1101 375 1158 hominibus
386 1099 431 1154 vel
444 1101 537 1174 ipsius
548 1101 615 1159 vitae
629 1103 762 1175 periculo
770 1119 859 1175 opero
870 1102 947 1158 ferre

132 1180 241 1237 statuit.
286 1181 389 1255 lgitur
403 1178 513 1250 Friday
527 1179 649 1256 jubetur
670 1183 811 1256 sclopeta,
833 1182 947 1254 gladios

131 1271 364 1334 apparatumque
386 1259 607 1318 tormentarium
628 1257 717 1335 qudm
740 1259 949 1318 celerrimdaf-

132 1335 220 1404 [οντες
242 1337 305 1409 ipse
328 1356 480 1397 remanere
503 1338 595 1395 satius
619 1340 715 1405 duxit,
736 1344 948 1412 speculaturus

131 1433 200 1492 quac
216 1431 419 1492 sequerentur.
458 1417 583 1474 Cunctis
597 1418 689 1492 igitur
702 1419 738 1473 atl
755 1421 947 1492 pugnandum

132 1496 249 1571 paratis,
272 1500 466 1572 magnacum
490 1501 638 1569 veluptate
660 1497 750 1553 nostri
764 1498 947 1553 animadver-

133 1585 197 1631 tuot
212 1589 314 1633 nautas
329 1590 468 1651 vagantes
488 1575 517 1632 in
540 1578 644 1632 umbra
667 1572 777 1648 passim
805 1581 949 1632 recubare

132 1665 165 1710 ut
179 1671 290 1716 somno,
304 1655 361 1712 diei
376 1655 571 1712 fervidissimo
592 1671 735 1727 tempore,
748 1655 948 1729 indulgerent.

133 1731 214 1788 Tum
232 1735 391 1802 Robinson,
406 1737 474 1792 ctlm
497 1731 649 1806 paululdm
665 1745 863 1808 expectasset,
879 1751 949 1790 con-

132 1807 232 1868 fidenti
256 1813 351 1870 animo
365 1815 400 1870 ad
418 1813 541 1870 miseros
555 1813 621 1869 illos
635 1811 755 1868 accedit.
798 1811 860 1882 Qui
877 1811 949 1870 edm

131 1887 204 1947 facit¹
220 1889 236 1948 d
250 1893 412 1946 Robinsone
426 1894 528 1948 aversa
541 1893 687 1956 sederent,
699 1893 809 1948 attoniti
824 1905 950 1962 stupue-

132 1981 208 2032 runt,
230 1971 328 2028 audita
352 1989 425 2028 voce
447 1968 543 2028 subttd
565 1971 725 2026 clamantis:
747 1969 879 2042 Quinam
895 1969 951 2028 viri

131 2046 215 2104 estisl
257 2049 297 2105 At
325 2051 366 2106 illi
387 2050 503 2116 exilire,
519 2049 682 2124 fugamque
703 2065 815 2123 parare.
837 2047 950 2104 Recta
1018 2111 1019 2124 χ

130 2145 182 2182 ron
196 2125 266 2184 rerd
281 2127 460 2186 Germanico
481 2145 616 2184 sermone
638 2132 780 2194 bortatur,
802 2145 838 2184 oe
860 2128 950 2184 time·
1018 2127 1019 2130 ’

130 2217 188 2273 nott
209 2223 240 2262 se
251 2217 431 2271 servatorem
446 2207 549 2266 adesse
564 2219 594 2262 et
607 2208 643 2264 de
656 2207 758 2282 patria,
768 2205 905 2263 damalis
920 2219 950 2266 et

129 2285 202 2362 quid
223 2288 289 2358 opis
312 2285 382 2361 ipsev
396 2285 474 2344 ferre
490 2297 589 2362 posset
612 2286 781 2360 interrogat.
819 2293 837 2324 ‘⁸
853 2284 950 2358 Angli

131 2381 245 2430 sumus,
257 2366 414 2440 respondet
428 2383 504 2424 unus
523 2365 575 2438 qui
595 2363 789 2422 Gcrnanicam
811 2365 950 2437 linguam

130 2445 266 2517 apprime
294 2445 485 2520 intelligebatt
518 2445 712 2508 nautae·mei,
745 2442 953 2520 conjuratione

130 2519 216 2588 factd,
228 2523 292 2580 navi
309 2527 375 2581 mea
388 2523 472 2598 potiti
490 2534 566 2578 aunt·
608 2521 707 2580 Primo
721 2535 881 2580 statuerant
898 2539 953 2578 me

130 2617 199 2656 cum
223 2601 292 2656 viris
316 2603 381 2659 istis
401 2603 483 2658 bonis
512 2600 688 2666 interficeret
710 2605 828 2658 tandem
854 2601 952 2658 vitam
1018 2653 1019 2664 ,

129 2677 356 2750 deprecantibus
381 2691 600 2737 concesserunt.
641 2679 710 2736 Vita
733 2691 832 2737 autem
847 2680 876 2736 iu
894 2680 952 2737 bac

128 2751 225 2811 insula
238 2757 364 2815 deserta.
374 2757 471 2832 inopia
484 2772 513 2814 et
528 2759 645 2816 miseris
668 2759 807 2833 perituris
821 2770 866 2814 est
882 2757 953 2830 ipsi
1018 2749 1019 2812 i

30 2867 33 2874 ·
126 2844 222 2889 morte
248 2835 409 2892 acemlorss’
450 2837 518 2910 Ego
541 2855 603 2905 vos,
623 2837 713 2912 inquit
729 2839 891 2901 Robinson,
906 2853 950 2894 ex
1018 2815 1019 2872 i

128 2912 209 2966 omui
223 2911 392 2970 difficultate
405 2917 573 2987 expediam,
597 2917 642 2972 rel
658 2913 868 2992 ipsiuscapitis
887 2913 951 2970 mei

128 2986 275 3060 ocriculo,
299 2993 352 3050 ted
375 2993 492 3067 duplici
519 2993 598 3073 lege,
624 2995 738 3052 scillcet
761 3005 794 3053 ot
814 2993 893 3052 mini
907 3004 953 3062 tu,
