2068 3278
295 311 299 319 ,
331 263 485 306 aosrusou
510 263 679 304 onusnuus.
865 249 919 316 103

124 352 195 412 Jam
224 353 376 409 Robinson
404 355 556 412 rebus¹ad
584 353 677 410 vitam
697 353 920 415 sustentandam

82 431 264 493 necessariis
279 453 336 491 non
351 443 519 501 contentus,
541 433 685 507 paulatim
700 433 852 492 domicilio
864 453 920 494 ex·
958 429 961 444 '

82 515 218 572 ornando
245 512 380 576 animum
409 511 533 607 adjecit·
571 513 658 570 lianc
681 515 824 572 rationem
840 532 921 574 sem·

82 612 140 668 per
152 593 249 650 secuti
260 592 394 651 homines
406 591 555 670 principio
565 611 689 686 coepere
699 611 735 650 ea
744 612 812 669 quae
820 607 921 654 essent

83 674 120 732 ad
133 673 258 742 victum,
272 685 323 731 aut
335 675 460 732 tutelam
474 673 644 732 necessaria
659 673 816 749 anquirere
829 687 857 733 et
868 693 921 750 pa·

3 809 4 812 ,
82 769 161 822 rama
183 764 251 812 tum
272 754 413 811 studuere
429 755 556 829 pulchra
571 753 705 846 utilibus,
719 753 854 832 J'ucunda
868 773 921 812 ne·

83 832 224 892 cessariis
251 832 428 926 adjungere.
471 834 550 892 Hinc
579 835 685 892 rariae
695 838 805 900 uenere
831 847 923 906 artes,

25 922 29 927 ’
83 910 328 981 architectorum,
354 913 513 1006 pictorum,
527 915 740 974 statuariorum
754 927 784 973 et
797 923 919 976 caeterae‘
945 939 948 946 ·

83 1011 155 1070 quae
171 983 372 1092 elegantiores
391 981 587 1054 nominantur.

125 1073 178 1132 Sic
193 1070 291 1150 primd
316 1069 467 1130 Robinson
497 1076 581 1132 horto
595 1073 721 1132 colendo
736 1077 920 1135 exornando·

82 1171 145 1244 que
169 1171 294 1228 operam
319 1153 410 1212 dedit.
453 1153 578 1212 Scilicet
604 1154 692 1212 illum
712 1150 819 1212 ritem
834 1173 920 1216 areas

80 1233 181 1312 justas
205 1233 319 1302 dividit,
342 1251 418 1309 quas
443 1234 614 1294 tramitibus
642 1233 732 1292 rectis
749 1235 920 1308 intersecat,

83 1331 175 1388 sepes
185 1315 268 1372 vivas
281 1311 361 1388 serit,
370 1333 463 1390 opaca
473 1317 659 1382 umbracula,
670 1316 792 1374 arbores
804 1315 920 1392 duplici

82 1393 189 1451 ordine
215 1391 354 1451 directas
397 1393 483 1452 Hanc
512 1393 647 1462 floribus,
666 1395 750 1452 illam
776 1395 938 1470 oleribusf*
1029 1395 1030 1398 ’

81 1473 174 1532 istam
196 1473 355 1532 arboribus
369 1471 526 1550 frugiferis
545 1489 673 1548 partem
678 1474 817 1549 assignat.
861 1476 920 1536 His

81 1553 166 1612 addit
180 1553 289 1614 citreae
303 1555 436 1621 arbores,
450 1569 660 1629 quascumque
676 1553 704 1611 in
725 1555 824 1613 insule
837 1566 920 1614 tene·

82 1651 133 1692 ras
143 1634 276 1709 reperire
292 1632 399 1710 potuis
414 1649 616 1710 magnamque
632 1632 692 1690 vim
708 1633 784 1692 alitis
799 1633 920 1710 generis

82 1716 225 1774 arborum
241 1711 352 1790 quibus
367 1715 499 1771 ramulos
513 1711 628 1772 arboris
644 1713 785 1790 panilerae
800 1715 918 1775 insevit.

89 1822 94 1831 ·
126 1794 305 1852 Solanorum
320 1809 442 1870 quoque
457 1805 487 1850 et
501 1791 575 1852 Zeae
601 1793 720 1870 copiam
740 1795 812 1852 satis
833 1803 919 1874 mag·

80 1893 154 1934 nam
166 1873 321 1950 plantavit,
342 1871 413 1931 calm
435 1884 535 1935 autem
552 1892 626 1950 ager
646 1875 698 1930 ille
712 1877 749 1930 ab
762 1877 835 1932 orbe
850 1893 919 1934 con·

82 1954 147 2016 dito
162 1971 298 2012 cessasse
324 1953 487 2024 videretur,
511 1953 695 2012 uberrimam
710 1952 785 2012 ludit
796 1951 918 2014 laetissi-

81 2050 229 2109 mamque
244 2046 655 2111 segetem·

125 2113 281 2172 Interdum
297 2129 419 2189 quoque
432 2111 532 2188 pisces
545 2131 653 2189 capere
667 2125 790 2185 tentant,
805 2115 919 2176 retibus

74 2193 221 2254 instructi
235 2211 304 2270 quae
318 2195 435 2264 Friday
450 2193 620 2269 pluviarum
634 2206 770 2270 tempore
780 2195 918 2254 confece-

83 2273 312 2335 satiantem
339 2269 440 2330 verd
429 2283 512 2351 Jactu
535 2273 669 2347 quolibet
694 2275 918 2366 multitudinem

81 2371 192 2414 eorum
207 2371 242 2412 ce
266 2364 353 2411 erunt
363 2364 396 2410 ut
411 2352 562 2428 plurimos
576 2351 667 2410 etiam
682 2353 712 2411 in
727 2373 835 2429 aquam
846 2353 917 2433 reji·

82 2446 195 2493 cerent.
239 2372 270 2490 ii
291 2433 370 2490 euim
386 2431 446 2490 Dei
461 2432 545 2490 donis
558 2433 699 2524 abutitur,
710 2433 749 2491 ait
772 2436 917 2529 praeclare

84 2517 251 2582 Robinson,
264 2531 316 2588 qur
308 2513 398 2586 plus
409 2511 466 2573 sibi
479 2513 606 2572 assumit
622 2531 713 2586 quam
728 2514 808 2590 quod
823 2517 900 2573 ad'
873 2535 916 2575 vr·
945 2573 948 2578 .

82 2603 146 2652 tam
159 2594 234 2650 bene
250 2591 395 2668 beateque
407 2594 555 2670 agendam
572 2593 776 2652 necessarium
788 2608 843 2666 est;
859 2613 916 2655 sae-

83 2693 141 2733 vus
165 2684 267 2731 autem
289 2685 319 2730 et
338 2671 488 2742 immanis,
510 2670 536 2729 si
557 2670 624 2748 quis
639 2674 777 2733 animalia
791 2675 916 2734 innocua

81 2751 243 2814 interliciat
256 2753 366 2829 quibus
379 2753 416 2810 ad
438 2750 552 2810 victum
567 2755 774 2828 quotidianum
789 2755 917 2813 sibinen

81 2853 161 2912 opus
176 2845 231 2890 est.

123 2911 245 2970 Deinde
260 2928 371 2988 corpus
386 2912 508 2974 abluere
523 2912 664 2970 solebant.
687 2915 722 2970 ln
733 2929 794 2986 quo
808 2913 917 2966 Robin-

81 3013 138 3054 son
154 2992 292 3067 peritiam
308 2991 381 3050 socii
395 2991 559 3048 admiratus
573 3003 629 3059 est,
640 3009 718 3048 nunc
730 3007 822 3064 super
836 2990 918 3064 ipsos

82 3073 198 3136 ductus
218 3073 309 3132 dorso
321 3069 490 3152 eminentis,
501 3086 580 3130 nunc
601 3071 661 3128 alto
681 3085 715 3128 se
727 3068 880 3138 ‘immorer
